3106 5018
738 399 778 462 27

219 573 299 612 mum
328 552 529 612 exhibuerunt
554 552 723 628 negotium,
750 571 857 629 nempe
887 550 1045 610 Carneadis
1069 554 1101 612 et
1123 551 1323 612 Clitomachi..

218 661 360 729 tempore.
404 653 538 716 Quocum
561 654 650 713 etiam
672 654 731 713 alia
751 673 799 713 res
821 652 981 724 consentit,
1005 655 1085 732 quae'
1102 654 1191 715 simul
1212 655 1300 715 testi-

218 756 318 831 monio
340 760 393 828 eat,
416 756 587 814 Ciceronem
608 757 790 832 argumentis
806 755 981 824 Carneadeis
1003 775 1088 850 usum
1108 774 1181 815 esse.
1225 757 1295 814 Car-

218 860 342 917 neadem
357 858 436 916 enim
451 876 630 932 magnopere
645 858 754 930 laudat,
772 858 851 936 quod
865 858 1009 917 restiterit
1022 855 1188 922 Stoicorum
1204 858 1296 918 licen·

217 959 276 1019 tiae
299 959 352 1036 (II,
374 957 390 1036 ἓ
408 959 488 1036 150),
512 963 543 1018 et
563 957 670 1034 pergit,
693 978 809 1018 omnem
831 959 888 1018 sibi
908 979 973 1017 cum
994 958 1041 1017 his
1064 977 1128 1018 esse
1149 959 1296 1034 discepta-

218 1062 331 1122 tionem
352 1061 641 1138 contentionemque.
686 1059 723 1118 Se
750 1059 842 1134 igitur
868 1060 946 1120 idem
969 1081 1077 1119 munus
1101 1065 1190 1139 atqua
1211 1060 1296 1122 illum

219 1165 382 1240 suscepisse
404 1162 569 1238 profitetur.
615 1161 751 1242 Denique
772 1181 811 1220 ex
833 1162 1009 1220 Academiae
1031 1182 1112 1221 more
1135 1181 1166 1222 se
1187 1162 1296 1221 librum

220 1266 372 1342 scripsisse
402 1269 541 1337 testatur,
573 1283 639 1324 aum
659 1264 799 1336 affirmat,
829 1283 860 1324 se
889 1281 1006 1340 semper
1026 1268 1211 1324 retenturum
1232 1283 1296 1324 esse

218 1368 459 1427 Academicorum
482 1366 652 1442 disputandi
674 1366 828 1424 rationem.
872 1365 930 1424 Sed
952 1366 1184 1437 concedendum,
1213 1366 1296 1424 Cice·

217 1489 335 1542 runem,
359 1487 537 1550 quamquam
560 1467 592 1527 iu
614 1467 786 1528 uuiversum
806 1467 996 1526 Academiam
1019 1467 1166 1549 sequitur,
1194 1472 1295 1526 tamen

218 1591 279 1630 non
298 1576 415 1630 tantum
431 1570 612 1646 expressisse
627 1569 734 1630 Latine
748 1589 841 1628 uuum
861 1569 970 1628 librum
987 1569 1130 1628 Graecum
1148 1571 1206 1629 huc
1228 1588 1295 1645 per-

217 1674 370 1746 tinentem,
393 1675 444 1732 sed
466 1677 497 1732 et
516 1672 623 1747 ipsum,
647 1691 734 1749 quem
750 1672 869 1751 quidem
890 1673 923 1729 in
937 1673 1018 1730 hunc
1039 1671 1147 1730 librum
1166 1671 1296 1730 scriben-

219 1776 288 1834 dum
309 1776 380 1835 satis
402 1775 493 1834 studii
514 1779 545 1834 et
566 1773 737 1848 diligentiae
758 1773 938 1850 impendisse
960 1773 1149 1833 manifestum
1170 1777 1230 1845 est,
1257 1793 1296 1832 ex

219 1897 271 1936 suo
294 1877 414 1952 ingenio
430 1878 510 1936 haud
524 1896 618 1952 pauca
631 1877 786 1949 addidisse,
809 1880 840 1936 et
861 1876 935 1954 alios
954 1880 1072 1952 practer
1087 1874 1298 1936 Academicum

219 1978 388 2038 adhibuisse
406 1979 572 2055 scriptores.
616 1979 735 2038 Certum
756 1979 786 2037 id
809 1982 854 2038 est
876 1980 911 2036 de
926 1979 1069 2038 Panaetio
1085 1977 1198 2050 Stoico;
1222 1977 1295 2056 quin

219 2081 308 2139 etiam
329 2080 362 2138 in
383 2085 446 2140 toto
468 2081 544 2139 libro
568 2081 669 2139 Cicero
697 2081 798 2140 multis
823 2082 958 2156 partibus
983 2081 1063 2140 hunc
1090 2085 1207 2138 secutus
1229 2098 1293 2138 esse

219 2183 338 2243 videtur
366 2202 426 2242 van
455 2183 599 2260 Lyndeno
632 2183 676 2260 (in
706 2183 783 2242 libro
816 2203 904 2262 quem
935 2182 1053 2259 scripsit
1084 2183 1119 2240 de
1147 2181 1292 2240 Panaetio

219 2285 336 2344 Rhodio
362 2305 390 2362 p.
411 2285 472 2364 71).
515 2286 552 2342 Id
581 2305 652 2346 vero
680 2285 740 2343 iam
770 2305 804 2344 eo
833 2285 994 2358 refellitur,
1025 2285 1103 2366 quod
1133 2282 1294 2342 Panaetius

219 2388 359 2447 Cicerone
386 2387 452 2463 ipso
475 2393 551 2447 teste
578 2389 614 2466 (I,
639 2387 906 2466 6)'„degeueravit
929 2388 1048 2468 quidem
1070 2407 1088 2446 a
1110 2386 1217 2446 Stoicis
1239 2403 1295 2444 nec

217 2493 317 2550 tamen
340 2510 428 2549 ausus
456 2495 501 2549 est
522 2495 631 2564 negare
657 2490 718 2549 vim
746 2510 809 2550 esse
831 2491 997 2564 divinandi,
1028 2491 1078 2550 sed
1103 2490 1238 2548 dubitare
1263 2507 1295 2548 se

219 2592 315 2652 dixit“
336 2592 423 2672 eique
446 2593 482 2650 de
499 2609 534 2650 ea
555 2609 587 2649 re
602 2611 662 2650 uon
684 2591 769 2651 licuit
790 2591 825 2668 (I,
851 2593 890 2669 6),
914 2596 1016 2650 contra
1030 2592 1131 2650 Cicero
1147 2590 1224 2650 libro
1241 2609 1295 2648 suo

219 2692 431 2752 divinationem
446 2693 566 2752 omnino
581 2692 668 2751 tollit
710 2693 886 2752 Accuratius
909 2695 945 2752 de
960 2693 1102 2752 Panaetio
1122 2711 1140 2750 a
1153 2692 1296 2750 Cicerone

218 2793 351 2852 adhibito
363 2793 430 2852 ‘alio
452 2795 516 2854 loco
536 2795 747 2870 disputabitur3
770 2817 849 2855 nunc
864 2797 1025 2869 videamus,
1047 2796 1199 2855 cuiusnam
1218 2797 1295 2854 Aca-

219 2893 324 2950 demici
351 2893 428 2951 libro
458 2883 560 2954 Cicero
587 2886 633 2955 uti
661 2898 801 2972 potuerit.
851 2897 1016 2955 Carneades
1044 2899 1109 2972 ipse
1135 2898 1294 2956 secundum

218 2993 305 3068 Diog.
327 2994 379 3052 La.
400 2994 453 3065 IV,
477 2999 515 3052 65
540 2995 715 3069 scriptiones
735 2996 929 3071 philosophas
950 3017 1011 3055 nou
1035 2998 1214 3071 composuit,
1243 2997 1295 3060 sed

218 3095 356 3171 discipuli
384 3095 494 3170 placita
522 3094 585 3153 eius
611 3096 720 3156 litteris
749 3099 933 3159 mandarunt
985 3097 1117 3160 Quorum
1148 3117 1212 3169 eos,
1244 3097 1295 3174 qui

218 3197 318 3277 aliqua
338 3197 425 3256 laude
448 3196 530 3273 digni
551 3197 688 3272 fuerunt,
710 3200 812 3260 Cicero
833 3205 987 3262 enumerat
1010 3202 1042 3260 in
1064 3202 1154 3261 Acad.
1177 3200 1232 3276 pri.
1252 3201 1295 3275 11,

220 3306 247 3372 6,
267 3305 317 3363 lo:
347 3300 529 3374 „industriae
557 3300 716 3375 plurimum
744 3303 777 3360 iu
806 3303 987 3363 Clitomacho
1015 3304 1136 3364 fuit-
1166 3303 1298 3370 declarat

217 3401 375 3462 multitudo
402 3403 545 3461 librorum
567 3437 623 3474 ψ,
651 3402 766 3478 ingenii
793 3423 854 3462 non
883 3405 982 3463 minus
1009 3405 1042 3462 in
1071 3405 1232 3481 Hagnone,
1262 3406 1296 3472 iu

218 3502 381 3560 Charmada
403 3503 605 3580 eloquentiae,
636 3503 668 3560 in
690 3505 854 3564 Melanthio
877 3506 995 3564 Rhodio
1018 3507 1188 3578 suavitatis3
1217 3510 1297 3568 bene

216 3611 315 3662 autem
343 3622 432 3662 nosse
459 3605 641 3664 Carneadem
666 3605 868 3666 Stratoniceus
892 3607 1079 3667 Metrodorus
1107 3613 1295 3684 putabatur.“
1393 3595 1397 3600 ’

215 3706 253 3762 In
274 3704 322 3762 his
345 3710 425 3764 certe
447 3705 474 3764 is
495 3710 552 3780 est,
581 3709 665 3767 cuius
687 3709 828 3784 scriptum
851 3709 952 3769 Cicero
973 3710 1006 3768 in
1028 3709 1104 3768 libro
1127 3711 1220 3770 altero
1242 3713 1294 3770 ads

213 3806 320 3866 hibuit.
364 3807 441 3869 Nam
459 3829 499 3867 ex
514 3828 557 3881 eo,
581 3812 661 3889 quod
675 3811 763 3871 huius
784 3811 854 3870 libri
870 3811 974 3873 Graeci
989 3817 1091 3873 auctor
1105 3830 1212 3887 magua
1227 3832 1294 3874 cum

213 3927 284 3966 cura
302 3909 462 3970 Carneadis
477 3916 593 3975 tantum
608 3912 755 3975 rationem
769 3915 860 3974 habet
875 3919 905 3974 et
921 3917 985 3974 eius
1000 3920 1114 3976 tantum
1130 3915 1306 3980 sententias·

213 4029 389 4086 expromere
411 4015 524 4086 studet,
548 4014 663 4076 omissis
685 4004 808 4102 reliquis
830 4017 1027 4091 Academicis,
1050 4021 1186 4093 apparet,
1208 4015 1294 4078 illum

211 4113 304 4174 fuisse
322 4113 451 4195 aliquem
470 4115 627 4176 Carneadis
644 4116 738 4192 ipsius
755 4117 940 4192 discipulum,
984 4121 1079 4197 quue
1102 4137 1136 4178 eo
1152 4117 1293 4190 firmatur,

215 4215 293 4290 quod
316 4216 368 4294 qui
389 4216 458 4276 illos
478 4218 511 4276 in
533 4217 692 4277 Academia
714 4219 862 4280 subsecuti
886 4225 962 4293 sunt,
985 4255 1027 4265 --
1049 4219 1207 4280 Philonem
1229 4221 1295 4289 died
