3106 5018
884 419 924 484 18

355 578 374 657 5
393 578 431 636 47
452 571 596 652 expositis
618 576 771 636 auctorum
787 591 889 632 earum
910 569 1021 634 oblitus
1043 590 1105 631 non
1121 572 1202 635 iacit.
1246 572 1382 632 Ceterum
1403 570 1435 628 in

357 677 405 737 his
432 675 576 753 exemplis
600 675 761 750 vestigium
785 681 846 748 cst,
878 693 894 734 c
919 694 977 754 quo
999 677 1148 734 auctorem
1170 693 1271 733 eornm
1293 673 1436 733 Graecum

352 797 533 855 cognoscere
560 777 721 855 possimus3
751 775 864 836 Callani
889 776 968 868 enim
989 795 1068 836 mors
1086 775 1116 855 (ς
1133 777 1186 854 47)
1208 780 1243 834 ut
1267 774 1437 851 exemplum

356 881 480 942 affertur
497 880 586 940 etiam
607 879 622 957 5
640 884 694 938 64.
740 878 848 937 Verbis
865 877 918 952 iis,
942 897 1017 958 quae
1034 879 1124 938 huius
1141 878 1157 956 5
1175 877 1263 938 initio
1280 878 1435 952 leguntur:

242 997 244 1004 ’
352 982 512 1056 ,divinare
534 979 694 1039 morientes
716 979 769 1039 illo
794 979 882 1039 etiam
904 980 1041 1056 exemplo
1064 981 1220 1040 confirmat
1240 978 1436 1038 Posidonius“

357 1083 458 1144 Cicero
474 1102 528 1142 noe
544 1084 697 1154 admonet,
719 1101 751 1142 se
770 1083 849 1158 apnd
866 1082 946 1141 huno
963 1082 1172 1158 philosophum
1190 1081 1341 1158 complura
1355 1079 1436 1138 illius

351 1185 474 1262 generis
490 1185 626 1260 exempla
642 1184 763 1259 legisse;
785 1203 946 1262 eorumque
963 1183 996 1241 in
1015 1203 1137 1242 numero
1153 1183 1243 1243 etiam
1263 1183 1355 1242 luisse
1369 1201 1436 1240 nar·

353 1289 502 1348 rationem
527 1289 564 1345 de
585 1285 704 1343 Callano
729 1284 801 1343 inde
828 1284 972 1356 efficitur,
1002 1285 1081 1362 quod
1105 1288 1135 1343 et
1159 1283 1213 1342 ubi
1235 1303 1305 1342 mox
1327 1285 1435 1343 iterum

352 1389 386 1468 (5
403 1395 443 1447 64
461 1388 525 1464 fin.)
548 1389 584 1445 de
600 1385 790 1444 morientium
808 1383 994 1443 divinatione
1011 1386 1159 1463 loquitur,
1182 1385 1245 1443 eins
1264 1387 1337 1444 facit
1353 1405 1437 1464 men-

353 1489 483 1560 tionem,
507 1492 537 1547 et
555 1487 635 1566 quod
651 1487 724 1545 haec
745 1485 859 1545 Callani
877 1486 1113 1546 commemoratio
1131 1487 1269 1545 hocloco
1288 1486 1436 1545 artissime

353 1593 494 1652 cohaeret
513 1609 580 1648 cum
601 1587 755 1646 Posidonii
778 1588 958 1662 argumentis
979 1586 1023 1646 ibi
1046 1587 1198 1664 expositis.

366 1711 368 1716 ’
440 1691 456 1771 5
469 1697 508 1750 48
523 1691 624 1750 Cicero
636 1689 715 1748 redit
730 1690 767 1748 ad
778 1687 900 1762 somnia,
922 1709 1048 1768 quorum
1063 1692 1121 1749 duo
1132 1690 1269 1767 proxima
1282 1694 1352 1750 sunt
1363 1690 1435 1748 Cae·

354 1793 441 1854 liena.
480 1792 566 1856 Quod
582 1792 689 1852 deinde
706 1791 784 1867 apud
793 1792 988 1865 Agathoclem
1003 1792 1035 1851 in
1052 1792 1176 1852 historia
1188 1791 1330 1869 scriptum
1341 1792 1434 1850 fuisse

354 1895 442 1969 dicit,
463 1895 541 1954 idem
558 1893 706 1953 Diodorus
721 1893 837 1952 Siculus
852 1893 924 1965 XX,
947 1899 986 1950 29
1004 1899 1114 1966 narrat,
1134 1893 1178 1952 ita
1192 1898 1301 1966 temen,
1324 1898 1434 1953 utnon

352 2001 390 2058 de
413 1996 526 2058 somnio
544 1999 596 2054 aut
612 2014 685 2056 voce
704 1995 804 2073 aliqua
822 1997 859 2054 ab
875 1995 1045 2054 Hamilcare
1062 1997 1095 2054 in
1114 1995 1225 2054 somnis
1243 1997 1359 2067 audita,
1381 1997 1434 2054 sed

352 2101 389 2160 de
405 2097 595 2176 haruspicum
611 2115 650 2156 ex
664 2097 853 2158 victimarum
870 2097 949 2155 extis
964 2097 1167 2174 praedictione
1184 2098 1330 2176 loquatur.
1374 2096 1435 2155 Pu·

350 2204 474 2262 tandnm
495 2199 602 2274 igitur,
623 2200 787 2257 Diodorum
811 2203 842 2256 et
858 2198 1027 2257 Ciceronem
1046 2218 1114 2257 usos
1138 2217 1201 2256 esse
1220 2197 1346 2258 diversis
1368 2199 1434 2258 fons

351 2303 441 2362 tibus.
484 2301 575 2360 Illum
606 2299 770 2359 accuratius
794 2317 857 2357 rem
881 2299 993 2358 reterre
1021 2319 1060 2357 ex
1085 2305 1147 2358 tota
1174 2299 1238 2357 eius
1263 2300 1433 2360 narratione

350 2408 441 2482 patet.
483 2404 607 2461 Errores
628 2407 726 2461 autem
744 2400 897 2459 Tullianos
921 2400 1039 2459 facilius
1058 2400 1278 2476 intellegemus,
1300 2401 1326 2460 si
1344 2407 1431 2478 puta-

348 2526 430 2578 mus,
453 2505 624 2572 Ciceronem
642 2523 724 2563 ruam
741 2501 916 2563 relationem
938 2521 998 2561 non
1016 2503 1049 2562 in
1066 2521 1164 2562 rerum
1182 2503 1334 2580 scriptoris
1352 2505 1429 2565 libro

349 2608 471 2684 legisse,
501 2608 553 2665 sed
575 2605 727 2665 invenisse
745 2606 825 2680 apud
845 2604 1070 2679 philosophum,
1102 2604 1154 2684 qui
1173 2624 1232 2664 non
1251 2627 1429 2684 magnopere

348 2711 472 2767 curabat
492 2706 689 2780 investigare,
720 2707 865 2785 quomodo
888 2725 937 2764 res
960 2713 1039 2764 esset
1055 2712 1144 2781 gesta.
1189 2709 1325 2782 Accedit,
1349 2711 1429 2788 quod

348 2809 402 2868 vix
420 2807 562 2868 credibile
579 2813 640 2876 est,
663 2805 873 2880 Agathoclem,
896 2825 983 2886 quem
1000 2807 1101 2867 Cicero
1115 2808 1205 2894 dicit,
1228 2829 1292 2870 esse
1307 2812 1429 2888 Cyzice-

348 2931 434 2984 num,
456 2928 554 2968 rerum
573 2928 591 2967 a
607 2907 762 2986 Cyzicenis
779 2912 928 2981 gestarum
944 2909 1135 2987 scriptorem,
1156 2914 1237 2990 'quod
1255 2918 1354 2972 tamen
1371 2931 1427 2988 pro

348 3017 428 3073 certo
453 3009 577 3072 exhibet
594 3009 661 3069 Cer.
678 3010 724 3070 Io.
742 3009 864 3068 Vossius
890 3010 923 3069 in
942 3011 961 3070 l.
986 3013 1023 3070 de
1041 3012 1172 3072 historio.
1198 3033 1292 3089 graec.
1316 3035 1345 3090 p.
1364 3015 1424 3072 ata

348 3117 393 3174 ed.
412 3114 569 3173 Westerm.
613 3114 688 3171 Nam
713 3113 825 3172 nullam
843 3103 1013 3187 excogitare
1036 3135 1155 3190 possum
1177 3117 1337 3186 rationem,
1367 3133 1426 3192 qua

347 3215 380 3274 in
400 3217 463 3283 τοῖς
481 3209 556 3291 περὶ
579 3213 711 3286 Κυζίκου
736 3215 881 3274 disserere
905 3215 1014 3292 aliquis
1038 3216 1170 3290 potuerit
1196 3218 1232 3274 de
1255 3215 1426 3274 Hamilcare

346 3320 407 3374 tam
429 3319 579 3388 accurate,
608 3321 642 3376 ut
660 3317 711 3376 vel
733 3316 846 3375 somnia
864 3334 925 3374 non
949 3316 1112 3388 omitteret;
1143 3319 1245 3375 contra
1265 3316 1329 3376 eius
1346 3320 1424 3392 Aga-

345 3418 469 3491 thoolis,
501 3419 553 3498 qui
571 3419 751 3480 Hamilcaris
774 3419 859 3480 illius
879 3424 1012 3495 tempore
1035 3419 1094 3480 fuit
1110 3419 1359 3498 Syracusanorum
1376 3425 1424 3496 ty-

345 3539 470 3593 rannus,
491 3527 755 3598 rerumgestarum
774 3521 1003 3598 descriptionem
1023 3520 1204 3580 continuisse
1221 3521 1315 3580 multa
1333 3521 1423 3580 etiam

345 3625 382 3682 de
408 3624 577 3684 adversario
604 3624 668 3683 eius
695 3625 865 3684 Hamilcare
887 3624 1091 3703 uuusquisque
1115 3625 1265 3684 concedet.
1316 3625 1422 3701 Itaque

345 3723 446 3786 Cicero
472 3726 505 3784 in
525 3727 603 3786 libro
627 3745 679 3784 suo
702 3727 812 3784 Graeco
838 3725 944 3799 legisse
969 3724 1046 3783 mihi
1068 3724 1205 3784 videtur:
1229 3715 1313 3784 Ἔστι
1335 3719 1367 3783 di
1389 3720 1421 3783 ἐν

344 3828 381 3909 κῇ
397 3827 451 3885 τοῦ
461 3821 685 3906 Ἀγαθοκλέους
701 3825 825 3908 ἱστορίᾳ,
847 3827 938 3905 idque
956 3846 1025 3898 non,
1047 3830 1082 3886 ut
1098 3825 1209 3900 debuit,
1232 3827 1419 3886 intellexisse

344 3947 451 4007 nempe
467 3929 500 3988 in
518 3929 717 4005 descriptione
734 3948 832 3990 rerum
848 3931 885 3988 ab
903 3929 1067 4004 Agathocle
1086 3933 1233 4005 gestarum
1251 3930 1340 3989 etiarn
1357 3930 1420 3987 He-

342 4030 471 4090 miloaris
496 4029 572 4090 illud
597 4031 743 4090 somnium
767 4030 886 4103 reterri,
924 4033 976 4090 sed
999 4032 1074 4090 falso
1096 4024 1318 4109 Ἀγαθοκλέους
1342 4028 1418 4090 ἱστο-

343 4130 410 4208 ρίαν
431 4132 579 4209 aocepisse
601 4153 655 4210 pro
677 4132 803 4194 historic
829 4136 866 4193 ab
886 4134 1051 4210 Agathocle
1075 4134 1193 4210 scripta.
1239 4131 1353 4196 Quodsi
1374 4131 1418 4192 ita

341 4233 406 4292 veri
428 4234 524 4296 simile
542 4235 656 4308 evadit,
686 4235 857 4296 Ciceronem
875 4237 930 4296 hoo
948 4237 1084 4314 exemplo
1109 4235 1267 4298 revertisse
1287 4237 1324 4295 ad
1340 4235 1418 4296 Stoi-
