3106 5018
367 411 382 444 θ

705 539 749 604 43

187 675 267 751 enim
284 691 463 749 antecedunt
480 709 503 748 e.
522 697 558 748 11
577 694 614 768 (a
632 694 780 771 3—10),
801 693 956 754 continent
970 675 1126 753 universae
1145 693 1262 754 diviua·

186 791 278 851 tionis
298 791 508 851 refutationem
525 791 581 868 (Ι),
610 789 726 870 reliqua
747 799 845 858 autem
868 796 1030 873 disputatio
1048 792 1087 880 (c.
1104 793 1259 874 'll-72)

185 895 240 968 iis,
271 913 347 976 quae
370 893 471 952 Cicero
489 894 649 952 secundum
673 892 746 952 alios
764 895 861 952 fontes
879 903 931 958 aut
948 918 1000 958 suo
1018 899 1115 958 Marte
1140 897 1259 959 disserit

187 998 223 1074 (c.
252 997 416 1074 41-53),
449 995 492 1054 ita
519 995 552 1054 in
578 997 649 1054 duas
674 1000 772 1072 partes
799 995 960 1070 dividitur,
995 1005 1030 1056 ut
1052 1020 1152 1060 earum
1177 1000 1258 1078 prior

187 1098 577 1177 (o.12-40)seoundum
601 1097 778 1158 divisionem
802 1118 825 1158 c.
845 1103 878 1157 11
903 1091 1085 1175 propositam
1110 1103 1260 1161 contineat

188 1201 379 1261 reiectionem
403 1199 585 1274 singulorum
608 1219 749 1274 generum
774 1199 967 1259 divinationis
995 1199 1171 1260 artificiosae
1193 1200 1258 1278 (II),
1294 1216 1304 1235 ·

188 1304 280 1362 altera
303 1304 339 1382 (c.
366 1303 516 1378 54—72)
548 1300 742 1360 divinationis
770 1301 913 1360 naturalis
940 1301 1150 1361 refutationem
1174 1302 1259 1379 (III).

188 1405 278 1464 Hunc
300 1404 392 1480 igitur
415 1402 598 1480 tripertitum
615 1403 748 1463 ordinem
770 1403 828 1462 iem
847 1424 865 1462 a
883 1404 1062 1464 Clitomacho
1079 1404 1175 1464 tribus
1191 1401 1259 1484 περὶ
1292 1457 1312 1478 κ,

187 1508 328 1584 μαντικῆς
345 1506 430 1565 libris
452 1525 515 1564 esse
532 1507 719 1565 observatum
738 1510 783 1564 est
798 1506 863 1565 veri
880 1505 985 1567 simile.
1291 1490 1293 1495 ¹

272 1610 378 1668 Restat
391 1613 425 1666 ut
439 1607 583 1684 promisso
601 1613 710 1667 stemus
727 1608 889 1667 disserendi
906 1610 943 1668 de
954 1613 1072 1668 auctore
1082 1607 1261 1668 narrationis

187 1711 276 1783 illius,
299 1730 386 1789 quam
403 1710 504 1770 Cicero
519 1711 610 1768 habet
623 1711 659 1769 de
677 1714 743 1768 ortu
757 1709 964 1787 haruspicinae
981 1711 1026 1786 [II
1043 1711 1059 1790 ἓ
1079 1711 1140 1787 50).
1183 1713 1262 1770 Ean-

189 1814 257 1870 dem
275 1812 377 1888 Lydus
394 1814 431 1871 de
448 1816 553 1871 ostent.
578 1832 602 1871 c.
623 1817 640 1870 3
665 1831 842 1888 magnopere
865 1812 1039 1872 aCiceroue
1063 1813 1217 1874 discedens
1244 1831 1260 1871 e
1305 1845 1307 1850 ·

189 1915 271 1972 fonte
290 1916 412 1974 obscure
435 1916 535 1974 refert.
578 1913 636 1972 Sed
653 1913 732 1973 inter
747 1914 905 1990 scriptores
924 1915 962 1973 ad
979 1914 1088 1974 librum
1108 1935 1193 1974 suum
1211 1916 1262 1974 ad·

189 2015 300 2074 hibitos
321 2007 428 2095 Lydus
447 2016 535 2075 etiam
559 2015 711 2090 Nigidium
732 2017 870 2092 Figulum
890 2016 1002 2076 habuit.
1045 2017 1077 2076 Si
1098 2018 1125 2076 is
1143 2037 1261 2097 quoque

189 2123 285 2177 ortum
300 2119 506 2195 haruspicinae
521 2117 667 2195 exposuit,
689 2119 753 2178 veri
768 2119 950 2178 simillimum
964 2124 1017 2192 ast,
1040 2119 1103 2180 eius
1118 2120 1262 2180 narratio-

190 2239 259 2278 nem
274 2220 390 2296 Lydnm
408 2240 468 2279 non
486 2219 611 2296 fugisse,
640 2221 692 2298 qui
709 2221 828 2299 quidem
845 2221 933 2280 huius
948 2228 1044 2296 ortus,
1066 2227 1100 2282 ut
1117 2223 1262 2295 videmus,

190 2323 404 2382 curiosissimus
422 2324 495 2394 fuit,
524 2324 713 2402 multumque.
725 2323 845 2400 Nigidio
865 2330 899 2384 ut
917 2330 1035 2384 vetusto
1054 2324 1192 2402 scriptori
1210 2325 1264 2384 tri-

190 2425 281 2484 buere
299 2425 403 2484 debuit
421 2425 612 2485 auctoritatis.
657 2426 733 2484 Tum
749 2431 836 2500 certe,
858 2427 884 2486 si
898 2427 1064 2488 invenisset
1079 2427 1263 2487 differentias

190 2527 269 2586 inter
284 2547 327 2600 ea,
343 2547 417 2607 quae
431 2527 464 2587 iu
477 2529 560 2587 fonte
577 2548 630 2588 suo
646 2529 769 2588 obscuro
785 2532 816 2588 et
831 2549 905 2608 quae
920 2532 999 2606 apud
1013 2525 1166 2605 Nigidium
1181 2531 1263 2606 legit,

191 2632 227 2688 de
246 2629 307 2688 illis
325 2630 540 2710 aliquantulum
558 2631 673 2690 locutus
690 2635 780 2704 esset3
810 2633 972 2710 quodcum
989 2652 1049 2692 non
1066 2635 1176 2693 factum
1200 2651 1264 2692 esse

190 2731 358 2806 videamus,
388 2753 406 2792 a
422 2732 541 2808 Nigidio
559 2740 640 2793 ortus
661 2733 713 2793 ille
730 2739 782 2794 aut
800 2736 903 2794 eodem
924 2737 1009 2794 modo
1031 2739 1120 2815 atque
1135 2736 1168 2795 in
1186 2734 1265 2813 Lydi

190 2837 273 2894 fonte
292 2841 343 2894 aut
366 2835 485 2894 omnine
508 2855 568 2895 non
587 2842 632 2895 eet
651 2836 812 2913 expositus.
856 2837 904 2894 Ex
919 2842 1046 2915 utroque
1065 2839 1266 2918 consequitur,

191 2938 360 2997 Ciceronem
377 2937 493 3012 Nigidii
511 2939 613 3012 Figuli
634 2938 705 2996 libri
726 2939 765 2996 ad
785 2943 882 2996 ortum
898 2940 1103 3014 haruspicinae
1125 2960 1265 3000 enarran-

191 3040 261 3098 dum
282 3060 347 3121 non·
367 3058 431 3099 esse
454 3059 548 3098 usum.
592 3041 638 3098 Ne
665 3039 807 3099 Varronis
832 3039 950 3117 quidem
974 3059 1072 3099 rerum
1097 3041 1265 3102 divinarum

192 3141 284 3200 libros
306 3162 373 3202 eum
395 3141 565 3201 adhibuisse
580 3141 712 3201 efficitur
738 3141 846 3214 exiis,
877 3161 952 3220 quae
975 3141 1040 3200 dixi
1063 3163 1092 3220 p.
1110 3149 1157 3204 ll.
1201 3147 1265 3205 Iam

192 3245 218 3303 si
251 3244 408 3321 scriptores
433 3245 580 3304 Romanos
614 3250 645 3305 et
675 3249 771 3305 aetate
798 3244 968 3304 Ciceronem
996 3249 1204 3307 antecedentes
1236 3253 1267 3308 et

192 3347 343 3423 aequales,
372 3348 405 3406 iu
429 3368 553 3427 quorum
569 3349 655 3408 libris
672 3355 769 3408 ortum
786 3349 871 3406 illum
887 3349 986 3424 legere
1002 3349 1114 3424 potuit,
1144 3350 1267 3409 circum-

193 3445 342 3520 spioimus,
360 3449 493 3508 Varrone
510 3457 540 3508 et
557 3451 679 3524 Nigidio
693 3451 814 3509 remotis
830 3471 907 3509 uuus
922 3457 1013 3510 restat
1029 3455 1063 3510 A.
1080 3451 1205 3511 Caecina
1219 3452 1266 3511 Ci-

194 3546 308 3606 ceronis
325 3548 434 3606 amicus
447 3551 497 3624 (cf.
515 3549 600 3624 epist.
619 3552 737 3610 addam.
756 3553 808 3626 VI,
829 3555 931 3630 5—8).
975 3553 1074 3612 Huius
1089 3554 1181 3614 fuisse
1195 3557 1266 3616 scri·

193 3651 277 3725 ptum
294 3650 349 3721 „de
366 3650 490 3709 Etrusca
508 3651 683 3728 disciplina“
698 3653 782 3712 testis
799 3660 845 3715 est
857 3675 880 3714 e.
897 3677 924 3731 g.
941 3655 1057 3713 Plinius
1072 3656 1140 3714 hist.
1156 3661 1215 3715 nat.
1233 3657 1267 3717 in

194 3750 327 3811 fontibus
338 3753 479 3812 Romanis
494 3754 513 3812 l.
529 3756 570 3812 11.
614 3753 759 3834 Quodque
774 3777 813 3816 ex
827 3757 907 3817 libro.
922 3757 1064 3816 Caecinae
1079 3757 1268 3818 Volaterrani

195 3853 296 3913 Cicero
313 3855 511 3915 narrationem
528 3877 609 3916 suam
626 3859 747 3934 profert,
770 3860 858 3920 dicit:
881 3859 910 3939 (ξ
929 3859 979 3937 50)
996 3862 1086 3932 „haec
1101 3861 1267 3937 accepimus

195 3959 232 4016 ab
249 3956 341 4032 ipsis“
357 3977 395 4016 sc.
413 3953 553 4018 Etruscis.
597 3963 634 4019 In
656 3961 828 4021 universum
843 3964 984 4022 Etruscae
1000 3962 1175 4038 discipliuae
1189 3962 1267 4024 n'oti-

195 4059 267 4119 tiam
282 4059 452 4120 Ciceronem
470 4062 598 4122 maxime
616 4084 633 4122 a
649 4064 774 4123 Caecina
791 4065 938 4140 accepisse
955 4070 1055 4124 censet
1073 4064 1107 4124 C.
1123 4065 1267 4126 Schmeis·

197 4181 242 4220 ser
259 4162 293 4221 in
310 4163 533 4242 „quaestionum
555 4168 591 4225 de
608 4168 732 4225 Etrusca
757 4165 914 4242 disciplina
934 4167 1097 4243 particula“
1111 4169 1268 4244 (Vratisla-

196 4263 264 4322 viae
289 4269 382 4344 1872)
405 4287 433 4344 p.
450 4273 506 4341 29,
536 4267 587 4347 qui
611 4267 700 4328 etiam
723 4287 799 4346 quae
818 4269 854 4328 de
878 4268 1020 4328 Caecinae
1045 4269 1120 4328 libro
1143 4270 1268 4330 sciamus

196 4372 331 4427 accurate
353 4370 478 4447 exponit
497 4390 526 4446 p.
543 4375 582 4427 23
606 4389 669 4447 sqq.

629 4485 830 4498 ——nau——Q
