3106 5018
779 383 823 448 26

481 669 525 749 ll.
579 669 630 748 lle
657 667 817 747 sontibus
843 669 928 747 libri
953 669 1111 770 alterins.

344 847 429 906 Sicut
449 846 482 904 in
500 845 675 924 quaestione
696 845 732 902 de
753 833 888 904 toritibus
908 844 977 903 libri
998 845 1106 921 prioris
1128 843 1248 904 initium
1268 845 1339 905 inde

258 953 323 1012 erat
351 949 544 1026 capiendum,
573 951 608 1005 ut
635 949 828 1020 statueretur,
858 945 942 1006 cuius
969 947 1213 1023 philosophorum
1240 950 1337 1006 sectae

257 1055 377 1112 decreta
402 1053 437 1110 de
453 1049 637 1110 divinatione
653 1047 729 1106 libro
751 1047 803 1106 illo
821 1048 958 1124 exposita
976 1054 1083 1122 essent,
1106 1049 1195 1108 etiam
1218 1049 1254 1106 de
1271 1049 1337 1107 fon·

257 1155 339 1215 tibus
361 1153 483 1212 alterius
509 1150 578 1208 libri
602 1155 779 1229 quaerentes
800 1151 928 1227 primum
949 1151 1116 1224 videamus,
1147 1149 1200 1230 qui
1224 1149 1338 1210 fuerint

259 1254 448 1332 philesophi,
479 1271 606 1331 quorum
634 1253 670 1309 de
700 1253 849 1312 sententie
869 1253 972 1312 Cicero
997 1254 1054 1312 hoc
1081 1253 1173 1311 altere
1200 1251 1277 1311 libro
1300 1253 1336 1310 de

259 1356 443 1418 divinatione
465 1353 695 1429 disputationem
716 1353 855 1414 instituit.
898 1355 1004 1433 Neque
1026 1355 1162 1434 cuiquam
1189 1371 1225 1412 ea
1246 1355 1282 1439 de
1303 1371 1336 1412 re

258 1457 404 1518 dubitatio
421 1459 563 1528 remanet,
586 1455 638 1533 qui
656 1475 723 1514 eum
746 1456 837 1515 semel
853 1461 988 1516 accurate
1004 1453 1179 1532 perlegerim
1200 1459 1335 1531 apertum

258 1559 339 1618 enim
357 1562 410 1630 est,
433 1557 605 1616 Ciceronem
626 1575 666 1614 ex
683 1556 817 1616 decretis·
826 1561 857 1616 et
876 1557 1107 1632 philosophandi
1127 1558 1243 1617 ratione
1259 1559 1334 1616 Aea-

257 1661 438 1720 demicorum
458 1659 665 1731 recentiorum,
688 1677 813 1737 qnorum
835 1679 980 1718 summum
1002 1660 1132 1718 studium
1146 1659 1179 1718 iu
1200 1679 1236 1718 eo
1255 1658 1334 1735 posi-

257 1767 320 1824 tum
347 1765 426 1834 eret,
456 1765 490 1820 ut
517 1759 682 1819 Stoicorum
710 1760 928 1837 philosophiam
957 1761 1134 1834 refutarent,
1164 1762 1271 1820 horum
1299 1762 1336 1820 de

256 1864 441 1925 divinatione
468 1861 630 1922 sententias
657 1862 794 1922 refellere
824 1875 855 1921 et
881 1863 1001 1922 reicere.
1046 1863 1208 1938 Praecipue
1236 1867 1335 1922 autem
1447 1865 1451 1872 ’

255 1987 325 2026 eum
354 1967 412 2026 niti
439 1963 620 2041 argumentis
643 1964 818 2024 Carneadeis
839 1985 905 2024 cum
934 1986 973 2024 ex
995 1967 1098 2025 erebra
1118 1966 1277 2026 Carneadis
1302 1967 1336 2024 in

256 2068 334 2126 libro
352 2069 444 2127 altero
460 2066 661 2143 appellatione
678 2072 741 2126 tum
755 2067 825 2126 inde
841 2072 973 2143 apparet,
996 2069 1076 2148 quod
1092 2071 1124 2127 et
1137 2068 1225 2128 initio
1242 2069 1334 2128 totius

256 2171 294 2229 de
316 2169 499 2239 divinatione
522 2168 620 2245 operis
642 2173 673 2227 et
693 2168 726 2226 in
748 2169 808 2227 fine
830 2167 931 2228 (licere
955 2170 1063 2229 diserte
1085 2171 1272 2244 pronuntiat,
1302 2187 1333 2230 se

257 2272 339 2330 illius
364 2270 550 2346 potissimum
577 2269 748 2344 philosophi
776 2269 952 2356 austeritate
981 2275 1159 2329 commotum
1188 2278 1219 2328 et
1243 2288 1334 2345 opera

255 2374 390 2432 adiutum
412 2371 578 2431 Stoicorum
608 2372 745 2445 dogmata
772 2361 918 2432 refellere.
962 2371 1044 2431 Dieit
1065 2371 1143 2430 enim
1162 2372 1186 2444 I,
1211 2371 1244 2444 7,
1275 2370 1332 2430 sibi

255 2474 315 2549 ipsi
339 2473 509 2552 quaerenti,
540 2472 610 2550 quid
640 2472 679 2532 sit
707 2474 742 2531 de
771 2473 954 2532 divinatione
980 2472 1185 2546 indicandum,
1214 2474 1333 2552 quoda

254 2578 406 2637 Carneade
426 2575 520 2634 multe
542 2579 626 2633 acute
648 2577 679 2632 et
701 2575 820 2650 copiose
842 2579 945 2634 eontra
958 2573 1072 2632 Stoicos
1094 2574 1243 2650 disputata
1264 2573 1332 2646 sint,

129 2688 132 2696 ’
253 2679 423 2738 faciendum
443 2676 552 2746 videri,
582 2681 616 2733 ut
638 2676 795 2750 diligenter
816 2676 905 2734 etiam
935 2681 1024 2754 atque
1048 2676 1137 2734 etiam
1159 2679 1334 2751 argumenta
1366 2745 1369 2750 ι

254 2801 323 2841 cum
344 2775 526 2853 argumentis
549 2780 706 2851 comparet,
732 2781 762 2835 et
782 2776 937 2852 promittit,
960 2795 992 2836 se
1013 2777 1045 2836 in
1066 2777 1273 2855 disquisitione
1296 2779 1332 2838 de

255 2881 440 2942 divinatione
461 2877 564 2936 eadem
585 2895 707 2936 usurum
729 2896 794 2938 esse
814 2878 864 2938 via
891 2897 924 2937 ae
945 2879 1061 2940 rationo
1083 2885 1173 2960 atque
1193 2881 1226 2940 in
1247 2879 1333 2940 libris

255 2987 291 3044 de
313 2987 421 3042 natura
441 2981 571 3039 deorum.
616 2977 749 3041 Quorum
771 2980 863 3039 altero
881 2979 1047 3041 Stoicorum
1069 2983 1195 3060 exponit
1216 2984 1252 3042 de
1275 2981 1332 3042 diis

255 3086 436 3156 doctrinam,
469 3081 558 3141 tertio
589 3085 691 3140 contra
719 3101 785 3140 eam
814 3081 945 3158 disputat
972 3085 1216 3146 Academicorum
1244 3102 1330 3158 argu-

254 3185 372 3249 mentis.
415 3185 451 3242 Id
472 3182 565 3256 igitur
586 3183 675 3240 etiem
696 3182 781 3243 libris
810 3185 846 3244 de
868 3185 1051 3245 divinatione
1077 3187 1175 3244 facere
1196 3183 1332 3243 Ciceroni

252 3288 287 3354 in
302 3286 407 3369 animo
429 3283 495 3356 fuit,
517 3288 608 3363 atque
629 3285 763 3345 continet
783 3285 860 3344 liber
881 3285 964 3360 prior
978 3285 1143 3344 Stoicorum
1166 3287 1201 3344 de
1217 3283 1331 3343 divina-

253 3389 336 3454 tione
358 3385 536 3456 sententian
558 3386 667 3446 librum
686 3388 811 3446 alterum
831 3387 923 3462 igitur
937 3385 1181 3446 Academicorum
1200 3386 1331 3445 rationes

253 3495 463 3554 contentarum
483 3507 547 3547 esse
570 3490 752 3566 suspicemur
767 3493 884 3565 oportet
897 3487 947 3549 vel
966 3492 1043 3560 ante,
1066 3507 1155 3567 quem
1169 3507 1236 3547 eum
1257 3487 1331 3563 legi-

253 3612 327 3664 mus,
350 3590 497 3670 simulque
512 3597 635 3667 propter
649 3591 798 3651 Ciceronis
816 3591 1088 3668 pronuntiationem
1110 3610 1199 3666 supra
1213 3591 1332 3652 allatam

253 3698 467 3770 exspectamus,
490 3692 621 3752 rationes
641 3693 695 3751 has
710 3694 953 3753 Academicorum
973 3693 1097 3751 nixnras
1116 3709 1180 3752 esse
1195 3691 1331 3752 acumine

253 3795 420 3855 Carneadis.
443 3827 486 3838 -
516 3795 553 3853 In
575 3795 634 3852 fine
657 3798 755 3854 autem
777 3794 868 3854 tetius
891 3794 988 3870 operis
1010 3794 1218 3869 vituperantur
1238 3790 1330 3851 Stoici

254 3901 377 3979 propter
399 3895 591 3956 divinationis
613 3914 653 3953 ex
675 3895 796 3954 somniis
812 3895 1028 3964 defensionem3
1052 3912 1127 3972 quae
1147 3895 1186 3954 iis
1206 3895 1256 3954 hic
1277 3895 1330 3954 tri-

253 3999 356 4058 buitur
373 3998 438 4056 leus
460 4000 491 4055 et
505 3997 663 4056 auotoritas
678 4016 740 4055 non
754 3997 889 4076 quadrat¹
900 3996 933 4054 in
948 3995 1062 4055 Stoicos
1083 3997 1226 4072 temporis
1239 3996 1330 4068 illins,

166 4089 169 4096 ’
254 4118 314 4176 quo
331 4099 432 4157 Cicero
446 4100 521 4158 haec
539 4098 665 4174 scripsit,
687 4085 738 4158 sed
753 4103 888 4174 apertum
903 4101 956 4170 est,
977 4117 1044 4156 eum
1060 4117 1099 4156 ex
1114 4117 1203 4175 opere
1219 4101 1330 4161 Graeco

252 4199 306 4266 illa
326 4201 511 4260 transtulisse
534 4219 568 4258 ea
589 4203 685 4278 aetate
707 4201 825 4276 scripto,
853 4220 912 4280 qua
932 4198 1024 4260 stoici
1045 4201 1230 4262 Academicis
1251 4221 1330 4263 sum-
