3106 5018
699 383 720 448 5

173 537 421 616 Amphilochicis,
454 555 530 617 quae
549 540 669 598 exstant
691 537 725 597 in
743 537 946 598 Montiaueon.
970 536 1108 598 biblioth.
1130 538 1253 642 (ίοίολίιιἑ

172 659 201 717 p.
220 640 297 712 347,
318 640 371 698 nbi
392 642 467 700 haec
491 643 608 699 tantum
632 640 787 715 leguntur:
821 637 911 717 Τρίιη
933 637 1081 716 (οίβυλλο)
1102 635 1252 717 Aetolae

172 738 206 800 ἒν
223 742 352 816 Δελφοῖς
366 744 502 818 ιοχθιῖοιι
517 737 586 819 περί
601 727 639 818 ἧς
655 735 791 820 ἱστόρησε
810 734 1000 819 Χρύσιππος.
1049 733 1176 820 Τετάρτῃ
1190 744 1252 800 κτλ.

82 894 85 900 .
171 841 358 923 Quamquam
378 843 431 902 ubi
451 845 554 902 eadem
573 861 620 902 res
640 842 746 902 iisdem
765 842 866 903 verbis
883 843 1059 919 exponitur,
1081 843 1114 901 in
1132 844 1254 904 scholiis

170 944 301 1005 Phaedri
322 944 472 1004 Platonici
496 965 526 1020 p.
544 950 604 1003 315
628 946 675 1005 ed.
692 945 802 1016 Bakh,
833 944 953 1004 additur
976 943 1132 1019 inscriptio
1155 946 1254 1022 operia

171 1045 365 1123 Chrysippoi;
386 1045 436 1104 hic
454 1046 532 1106 enim
550 1045 693 1121 legimus:
715 1041 781 1124 περὶ
808 1032 845 1122 ἧς
867 1037 1002 1123 ίοιόρησε
1019 1037 1198 1123 Χρύσιππος
1221 1044 1254 1107 lv

171 1147 214 1228 τῷ
235 1143 304 1225 περί
320 1137 467 1222 θεότητος
490 1143 604 1229 βιβλίῳ.
648 1147 716 1207 Ηοο
740 1165 860 1206 versum
881 1165 945 1206 esse
965 1166 981 1206 ο
1005 1147 1107 1206 vorbis
1123 1147 1254 1209 Latinis:

171 1249 222 1330 ,in
246 1248 322 1308 libro
346 1250 383 1307 de
399 1247 617 1321 divinatione“,
639 1248 699 1308 ium
716 1248 874 1308 Krisehius
897 1246 990 1321 vidit,
1012 1247 1255 1308 Waahsmuthins

170 1367 305 1410 mensus
321 1353 378 1410 est.
424 1351 525 1428 Atque
542 1349 632 1410 etiem
647 1351 762 1409 fontem
777 1352 936 1410 vorborum
953 1347 1131 1409 Graecorum
1148 1369 1256 1427 expro-

170 1469 250 1512 mere
267 1469 431 1528 possumus.
476 1449 563 1514 Quod
580 1451 660 1512 enim
679 1451 824 1528 scriptum
845 1456 907 1512 est:
928 1447 960 1510 ἐν
980 1452 1027 1532 τῷ
1050 1447 1171 1533 βιβλίῳ,
1192 1471 1253 1512 non

169 1557 221 1614 aut
236 1553 336 1613 addito
353 1543 424 1612 libri
440 1572 563 1612 numero
584 1587 627 1598 —-
649 1572 717 1612 nam
732 1555 807 1612 duos
821 1551 1142 1630 Chrysippusscripsit
1157 1553 1193 1612 de
1209 1552 1254 1611 di·

169 1653 323 1714 vinctione
354 1653 446 1714 librcs
474 1688 519 1698 —
549 1658 601 1715 aut
631 1654 765 1714 adhibito
789 1653 913 1731 plurali,
945 1654 978 1712 id·
1003 1653 1173 1714 testimonio
1198 1658 1253 1727 est,

169 1755 258 1815 etiam
273 1758 351 1832 apud
367 1761 516 1816 auctorem
531 1757 673 1816 Latinum
687 1756 830 1832 scriptum
847 1756 941 1815 fuisse
956 1755 1136 1831 singularem
1151 1775 1254 1816 name·
1300 1801 1302 1806 -

168 1877 243 1929 rum,
265 1876 353 1936 quern
368 1856 496 1918 Graecus
510 1857 644 1931 retinuit,
666 1877 733 1917 cum
750 1857 911 1935 Chrysippi
925 1858 962 1917 de
978 1855 1164 1917 divinatione
1181 1857 1253 1916 libri

169 1957 276 2018 eiiam
293 1978 355 2018 non
372 1963 471 2019 essent
489 1960 566 2019 noti.
613 1959 724 2019 Graeca
741 1962 839 2019 autom
859 1979 919 2019 vox
936 1955 1051 2035 βιβλίον
1073 1976 1134 2018 non
1149 1961 1184 2018 ut
1195 1957 1253 2018 La·

167 2059 265 2120 tinum
280 2059 393 2133 „liber“
410 2061 548 2137 usurpari
562 2060 661 2137 potuit
672 2080 726 2137 pro
739 2059 863 2121 vocibus
877 2060 1119 2136 „scriptum“aut
1129 2066 1251 2138 „opus“·.

166 2161 231 2220 Iam
246 2161 289 2220 ita
305 2165 340 2222 ut
355 2162 449 2222 vertit
466 2162 625 2221 scholiasta
641 2161 786 2238 Sibyllam
802 2161 952 2238 Delphida
970 2181 1037 2220 cum
1056 2161 1123 2220 aliis
1143 2181 1251 2222 novem

167 2263 355 2324 enumeravit
369 2263 462 2322 Varro
478 2264 512 2322 in
529 2263 616 2322 libris
630 2282 730 2323 rerum
747 2263 924 2336 divinarum,
947 2283 963 2322 c
980 2261 1088 2341 quibus
1102 2264 1250 2340 fragmen-

165 2367 230 2424 tum
250 2364 334 2424 illam
356 2365 574 2425 enarrationem
592 2365 749 2425 continens
767 2370 867 2426 exstat
885 2365 918 2425 in
938 2365 1073 2424 Lactaut.
1091 2364 1164 2423 inst.
1188 2365 1250 2430 div.

167 2468 198 2540 I,
221 2472 249 2525 6.
293 2466 433 2542 Legimus
454 2466 512 2526 ibi:
536 2468 595 2540 „hi
615 2467 767 2528 Varro-
780 2501 823 2512 —-
849 2467 883 2526 in
906 2465 992 2526 libris
1011 2485 1111 2528 rerum
1133 2457 1251 2528 divina-

165 2585 240 2642 rum,
262 2587 337 2647 quos
351 2569 389 2628 ad
403 2568 433 2628 O.
452 2567 606 2628 Gaesarem
621 2568 794 2645 pontificem
807 2567 969 2628 maximum
987 2567 1115 2644 scripsit,
1135 2587 1202 2628 oum
1212 2571 1249 2628 de

167 2668 411 2747 quindecimviris
427 2669 614 2748 loqueretur,
635 2704 678 2715 -
691 2703 734 2714 -
757 2655 880 2746 sibyllas
894 2703 938 2714 -
952 2703 993 2712 -
1012 2688 1113 2730 omnes
1129 2688 1250 2729 enume-

167 2769 247 2829 ravit
260 2771 316 2828 sub
329 2771 513 2845 auctoribus,
536 2771 589 2851 qui
601 2773 638 2831 de
653 2771 780 2848 singulis
797 2771 1041 2848 scriptitaverint
1057 2805 1101 2828 -.-
1113 2803 1156 2826 -ι-
1178 2771 1250 2832 Ter·

167 2868 240 2930 tiam
255 2870 419 2947 Delphida,
447 2874 484 2932 da
501 2893 560 2952 qna
578 2873 762 2950 Chrysippus
780 2873 914 2951 loquitur
935 2872 969 2930 in
988 2891 1023 2930 eo
1045 2871 1137 2944 libro,
1160 2892 1249 2951 quem

168 2974 205 3032 de
234 2972 421 3032 divinatione
451 2972 644 3048 composuit.“
694 2976 843 3047 Apparet,
874 2974 987 3032 iontem
1017 2973 1249 3034 enumerationis

167 3073 296 3135 Graecae
311 3073 404 3134 finisse
425 3078 477 3133 aut
494 3072 638 3133 Varronis
653 3072 777 3146 librum,
798 3076 863 3145 ant,
884 3073 917 3132 id
935 3073 1014 3150 quod
1027 3071 1091 3132 veri
1106 3077 1152 3132 est
1167 3073 1248 3133 simi-

165 3175 240 3251 lius,
261 3175 419 3236 Lactantii.
440 3209 485 3220 -
504 3174 660 3235 Posidonii
676 3175 778 3235 dicero
804 3174 925 3254 quidem
948 3174 1025 3234 salos
1048 3173 1140 3234 libros
1157 3177 1185 3233 V
1209 3179 1246 3237 da

166 3277 352 3339 divinatione
373 3277 520 3354 appellat,
549 3277 628 3337 uude
651 3281 764 3336 certum
782 3281 843 3350 est,
872 3279 1093 3353 computasse,
1121 3276 1247 3338 Posido·

166 3378 249 3440 nium
280 3380 313 3439 in
341 3381 389 3439 his
416 3384 533 3440 tantum
558 3377 774 3439 divinationem
804 3381 953 3437 hactasse.
1001 3377 1250 3451 ,Wachsmuthias

165 3470 265 3541 antem
283 3482 391 3540 addere
413 3481 528 3558 potuit,
549 3480 630 3540 idam
649 3481 759 3539 factum
779 3497 844 3538 csse
864 3477 897 3536 in
914 3478 1137 3556 quaesdonibns
1159 3486 1246 3543 natus

165 3581 292 3654 salibus,
326 3582 490 3660 quodiam
516 3580 742 3641 commemoravi
767 3581 808 3658 (p.
833 3579 879 3657 3);
909 3579 1035 3654 legimus
1059 3581 1139 3640 enim
1165 3585 1245 3659 apud

166 3681 253 3760 Diog.
279 3685 378 3744 Ladrt.
401 3683 478 3757 VH,
503 3688 580 3743 149:
610 3678 660 3741 κοιλ
684 3674 778 3759 αὐτὴν
801 3673 867 3761 (τὴν
891 3674 1045 3758 μαντικήν)
1069 3678 1119 3739 καί
1140 3678 1244 3759 τέχνην
1361 3696 1368 3707 ’

166 3777 370 3860 ἆποφοίνονσι
390 3778 441 3845 dcci
463 3805 547 3854 τινας
568 3775 722 3863 ἐκβάσεις,
755 3777 796 3854 ὅς
818 3800 892 3860 φησι
911 3776 1017 3860 Ζήνων
1039 3801 1069 3840 τε
1089 3778 1141 3841 καί
1161 3778 1243 3864 Xoi-

165 3903 277 3958 σικιιος
299 3885 331 3947 ἐν
352 3889 392 3970 τῷ
411 3883 539 3969 δευτέρῳ
560 3882 628 3964 περί
652 3889 794 3964 μαντικῆς
811 3883 863 3945 κοιλ
876 3877 1090 3964 Ἀθηνόδωρος
1107 3880 1158 3943 καλ
1178 3885 1242 3946 Πο-

164 3983 318 4060 σειδώνιος
334 3985 366 4049 ἒν
389 3990 431 4071 τῷ
455 3985 583 4070 δοντὲρῳ
600 3989 656 4048 τοῦ
672 3990 804 4064 φυσικοῦ
827 3980 917 4067 λόγον
939 3982 990 4046 καί
1006 3983 1038 4046 ἐν
1060 3983 1245 4071 apinianici

164 4087 233 4170 accpi
257 4092 408 4168 μαντικῆς.
451 4092 606 4168 Integrum
634 4091 779 4168 exscripsi
807 4091 887 4150 hunc
911 4090 1022 4162 locum,
1053 4092 1088 4148 ut
1108 4089 1242 4152 Atheno-

165 4192 230 4251 dori
247 4213 364 4276 quoque
384 4213 492 4255 nomen
515 4198 691 4270 appareret}
718 4213 786 4252 nam
804 4211 900 4271 nequo
916 4190 1158 4253 Wachsmuthius
1174 4213 1241 4254 caus
