3106 5018
668 391 710 460 23

149 546 284 619 sollicita,
307 562 395 623 quam
417 545 610 606 Posidonium
631 546 663 604 id
683 545 789 606 fecisse
811 545 1014 622 accipiendum
1036 551 1115 608 esset
1132 576 1174 592 —-
1195 543 1226 608 id

149 649 229 726 quod
256 649 292 706 ab
322 667 378 706 usu
407 665 473 706 cum
500 647 700 708 recentiorum
726 651 790 708 tum
819 651 955 708 veterum
983 647 1227 725 philosophorum

148 749 269 807 omnine
284 750 433 808 abhorret
454 781 498 792 -·-
519 751 556 808 Id
577 767 648 809 vero
670 769 758 808 nemo
773 717 900 826 putabit,
923 749 1117 810 Posidonium
1135 751 1226 812 ratio·

148 850 326 910 cinationem
348 850 430 909 illam
452 854 513 910 tam
534 855 669 910 accurate
694 854 725 910 et
747 869 813 910 cum
834 851 961 910 testibus
983 850 1169 924 exhibuisse,
1193 857 1227 912 ut

147 970 212 1010 eam
232 953 389 1021 refutares
412 969 480 1010 acer
501 951 695 1011 divinationis
710 957 914 1028 propugnator
935 957 966 1012 et
981 954 1118 1012 defensor
1138 973 1226 1029 argue

145 1059 247 1112 menta
268 1054 332 1112 eius
346 1052 513 1112 reiciendas
529 1057 609 1112 certe
630 1073 692 1112 non
707 1053 799 1112 auxit.
843 1056 907 1114 lam
926 1056 1113 1128 concedetur,
1136 1057 1225 1120 rouo-

145 1173 215 1212 uem
236 1153 325 1226 illam,
350 1173 408 1233 qua
425 1154 517 1214 Stoici
539 1173 572 1214 re
593 1173 666 1215 vcra
687 1173 751 1214 esse
773 1155 987 1217 divinationem
1009 1157 1226 1218 concludebant

146 1275 294 1335 quamque
310 1256 411 1315 Gioero
433 1255 452 1313 1.
467 1257 485 1314 I
508 1255 581 1334 §82
598 1260 630 1316 et
650 1262 688 1314 83
713 1259 845 1333 exponit,
868 1258 1059 1318 aPosidonio
1077 1277 1139 1316 non
1160 1277 1225 1320 esse

144 1358 299 1432 probatam
328 1357 456 1434 ideoque
485 1357 517 1415 in
547 1357 673 1434 scripto,
703 1377 762 1437 quo
793 1358 1007 1419 divinationem
1037 1359 1223 1433 defendebat,

145 1457 291 1518 omissam.
335 1459 421 1518 (lente
443 1464 542 1519 autem
564 1461 731 1536 probasset,
762 1460 821 1520 nisi
841 1463 879 1519 ab
903 1461 969 1522 aliis
991 1463 1224 1522 demonstratum

143 1563 229 1633 esset,
253 1580 317 1620 eam
337 1560 462 1622 retineri
482 1581 543 1620 non
566 1581 662 1637 posse.
706 1563 791 1622 Unde
813 1582 885 1622 varo
903 1563 1004 1622 Cicero
1026 1583 1090 1624 sem
1105 1563 1222 1636 habeat,

128 1663 317 1740 ,quaestione
340 1663 375 1721 de
398 1663 519 1721 alterius
538 1662 611 1721 libri
633 1662 761 1722 Tulliani
782 1664 916 1724 fontibus
937 1664 1100 1741 apparebit.

175 1803 184 1812 „
228 1763 279 1836 Iis,
303 1783 379 1844 quae
393 1765 472 1840 apud
492 1783 559 1822 eum
581 1765 707 1840 legimus
721 1765 792 1824 inde
814 1785 832 1824 a
853 1765 869 1843 §
887 1771 934 1838 84,
957 1771 1058 1842 aperte
1080 1766 1139 1825 iarn
1160 1785 1222 1825 non

105 1865 107 1868 ’
141 1869 255 1924 certum
276 1866 397 1944 aliquod
419 1866 572 1926 divinandi
588 1885 681 1941 genus
703 1871 853 1940 tractatur,
876 1868 928 1926 sed
949 1888 1028 1929 nova
1047 1868 1141 1928 initur
1162 1868 1221 1927 dis·

140 1967 304 2042 putationis
326 1986 402 2042 pare,
425 1986 502 2046 quae
523 1971 557 2026 ut
575 1973 682 2046 quarta
702 1968 815 2027 accedit
836 1970 874 2028 ad
897 1989 946 2028 eas
966 1975 1036 2043 tres,
1057 1969 1090 2028 in
1112 1969 1220 2048 quibus
1238 1951 1239 1954 Ἴ

140 2071 289 2126 auctorem
306 2067 449 2126 Graecum
464 2069 633 2127 silicernus
648 2068 814 2128 adhibitum
829 2088 892 2128 esse
906 2071 1035 2131 vidimus
1050 2071 1099 2149 (of.
1115 2091 1144 2147 p.
1156 2072 1220 2148 20).

139 2170 216 2228 Nam
232 2188 307 2248 quae
322 2190 346 2228 o.
360 2175 484 2227 33--38
501 2173 700 2244 exponuntur,
723 2169 771 2228 his
786 2170 887 2230 cicero
909 2191 1100 2247 compensare
1121 2172 1219 2232 voluit

139 2291 189 2331 eas
211 2272 420 2348 disputationis
442 2271 648 2332 antecedentis
670 2277 782 2347 partes,
807 2291 883 2351 quae
904 2273 932 2332 ei
954 2273 1135 2334 videbantur
1155 2293 1219 2334 esse

139 2373 229 2432 nimis
250 2378 417 2434 contractae
440 2379 471 2434 et
485 2393 591 2450 parum
607 2373 771 2450 completae
794 2373 844 2450 (cf.
862 2395 891 2450 p.
908 2359 977 2454 2'1);
1000 2395 1059 2455 que
1072 2396 1106 2435 re
1127 2377 1219 2437 totius

138 2475 209 2534 libri
239 2475 371 2535 ordinem
401 2496 463 2534 non
495 2476 590 2535 solum
621 2495 682 2534 non
713 2476 912 2550 continuavit,
944 2478 996 2538 sed
1024 2478 1218 2554 perturbavit.

140 2576 253 2639 Quarta
263 2577 356 2652 igitur
370 2578 526 2638 universae
543 2578 754 2653 disputationis
769 2566 841 2654 pars'
851 2579 922 2656 quid
935 2579 1094 2654 contineat,
1115 2581 1217 2640 Cicero

140 2675 214 2752 §86
243 2679 391 2752 significat
416 2680 462 2739 his
489 2681 604 2741 verbis:
634 2699 707 2753 „our
735 2679 788 2740 fiat
816 2681 947 2761 quidque
970 2681 1105 2762 quaeris?
1136 2685 1217 2740 recte

76 2809 79 2814 ·
140 2777 269 2850 omuino,
292 2780 344 2836 sed
365 2799 426 2838 non
442 2800 522 2840 nuno
541 2781 573 2840 id
588 2781 700 2856 agitur3
722 2781 775 2841 fiat
789 2802 882 2842 ueoue
903 2783 964 2856 fiat,
985 2784 1016 2842 id
1036 2783 1218 2862 quaeritur.“

138 2879 276 2938 Fortasse
292 2879 403 2938 dixerit
417 2883 573 2958 quispiam,
595 2883 652 2942 hoc
666 2884 837 2942 Ciceronem
858 2884 918 2942 iam
932 2885 1028 2958 prima
1048 2885 1118 2943 libri
1132 2891 1216 2958 perte

139 2979 210 3040 satis
238 2980 409 3039 illustrasse.
454 2981 510 3039 Sed
541 2982 566 3040 si
596 2983 663 3058 quis
684 2988 819 3042 accurate
839 2985 916 3040 hano
939 2988 1073 3061 quartam
1100 2996 1215 3056 partem

139 3103 205 3141 cum
233 3081 329 3157 prima
351 3082 479 3154 confert,
508 3081 657 3154 inveniet,
687 3082 796 3160 quibus
817 3083 964 3144 differant.
1007 3084 1045 3142 In
1066 3084 1213 3161 principio

137 3183 217 3244 enim
237 3181 366 3247 tuntas
386 3184 524 3244 universe
547 3183 760 3244 divinationem
780 3184 824 3244 ita
844 3177 985 3259 defendit,
1007 3189 1042 3245 ut
1064 3205 1139 3264 quae
1161 3188 1213 3248 cb-

136 3289 214 3344 stare
235 3286 401 3360 videantur,
424 3285 581 3366 quominus
602 3303 668 3344 eam
690 3285 908 3362 amplectamur,
930 3293 1053 3349 conetur
1073 3290 1211 3364 refutare,

136 3406 302 3462 provocans
315 3389 475 3464 praecipue
495 3389 534 3447 ad
554 3388 677 3447 alierum
691 3407 798 3460 rerum,
821 3389 905 3450 velut
925 3389 1089 3448 medicinae
1109 3390 1213 3452 simili·

135 3487 270 3547 tudinem
291 3494 322 3548 et
343 3492 379 3548 ad
400 3490 495 3566 ipsius
512 3489 704 3550 divinationis
725 3489 786 3548 vim
808 3493 840 3548 ot
854 3489 1046 3566 eventun‘tg
1063 3495 1115 3552 16:
1136 3496 1213 3566 „hoo

136 3607 201 3650 sum
223 3593 389 3663 contentus,
413 3593 493 3670 quod
514 3621 556 3634 -·-
575 3624 615 3634 -
639 3591 710 3670 quid
732 3589 785 3649 fiat
800 3589 952 3666 intellego.
974 3623 1018 3634 —-
1038 3623 1080 3636 --
1101 3595 1164 3654 vim
1182 3601 1213 3656 et

136 3695 277 3752 eventum
292 3711 429 3768 agnosco,
452 3692 521 3766 scio,
544 3692 725 3778 approbe‘),
751 3697 854 3753 contra
868 3694 924 3752 hac
940 3695 1046 3772 quarta
1062 3697 1147 3767 parte
1163 3696 1212 3754 de·

136 3798 295 3867 monstret,
325 3794 434 3874 quibus
460 3795 550 3854 rebus
579 3795 724 3855 divinatio
753 3794 943 3863 confirmetur
965 3812 1100 3874 quaeque
1128 3795 1212 3855 testi·

135 3895 235 3954 menio
258 3896 333 3969 sint,
365 3915 429 3954 eam
455 3917 487 3956 re
514 3915 586 3957 vera
612 3897 686 3956 fieri.
730 3896 883 3957 Dividitur
908 3897 982 3956 baec
1003 3895 1151 3972 expositio
1179 3897 1211 3960 iu
1312 3954 1318 3966 ,

134 3998 303 4074 complures
322 3998 496 4074 particulas:
526 3998 654 4074 primum
682 4017 721 4058 ex
742 3998 985 4058 antecedentibus
1012 4001 1211 4074 congeruntur
1260 3987 1261 3992 ἵ

135 4115 178 4170 aa,
201 4100 309 4178 quibus
326 4099 471 4161 divinatio
487 4099 676 4160 confirmatur
694 4099 730 4176 (c.
744 4099 806 4178 39),
823 4101 929 4160 deinde
946 4100 1076 4160 eiusdem
1093 4099 1210 4174 generis

134 4207 309 4274 ammenta
324 4201 503 4277 colliguntur
524 4221 563 4262 ex
584 4201 774 4276 „clarissimis
789 4201 989 4263 monumentis
1010 4203 1119 4262 testate
1140 4222 1209 4262 oon-
