3106 5018
771 407 822 484 32Ι

254 578 351 637 facete
373 575 484 634 dictum
505 576 542 634 de
562 574 694 634 sortibus
715 573 928 635 Praenestinis.
972 575 1158 656 Quamquam
1178 582 1278 638 autem
1298 578 1331 636 id

255 679 367 738 factam
394 697 458 737 esse
487 677 637 749 videmus,
666 681 767 736 tamen
797 676 1013 736 Clitomachum
1042 699 1103 738 non
1130 679 1331 738 necessarium

257 780 376 840 dinxisse
405 779 523 856 copiose
552 780 588 838 de
616 779 746 838 sortibus
774 797 862 853 agere
887 800 984 860 neque
1014 799 1186 841 enumerare
1212 781 1332 862 quidem

256 899 306 940 eas
327 885 486 958 propterea
507 886 542 940 ut
561 881 717 958 proprium
738 899 830 954 genus
853 879 983 940 efficitur
1005 901 1043 942 ex
1057 883 1208 942 Ciceronis
1230 903 1332 942 earum

255 983 442 1042 tractatione.
471 984 561 1042 Cuius
577 983 696 1061 quidem
711 983 747 1040 de
760 982 798 1040 iis
814 983 974 1058 disputatio
991 985 1124 1044 continet
1138 986 1201 1044 fere
1215 989 1332 1060 tantum

256 1085 488 1158 enarrationem,
517 1085 662 1163 quomodo
686 1088 780 1144 sortes
801 1084 943 1145 inventae
966 1086 1041 1160 sint,
1069 1088 1331 1146 Praenestinorum

255 1187 454 1246 monumentis
474 1186 615 1248 traditam
644 1191 675 1246 et
697 1191 777 1246 certo
801 1187 953 1264 exipsius
981 1187 1107 1248 scientia
1129 1189 1330 1267 compositam,

258 1289 433 1354 Quaerere
462 1287 533 1348 huic
555 1289 748 1373 antecedunt:
778 1287 955 1360 „dicendum
982 1288 1075 1363 igitur
1096 1296 1182 1368 putas
1201 1293 1246 1350 de
1269 1312 1331 1352 scr·

255 1390 384 1465 tibus?“,
412 1409 487 1468 quae
510 1395 690 1469 sequuntur:
712 1391 784 1463 „sed
803 1391 862 1450 hoc
883 1391 1002 1470 quidem
1023 1412 1117 1466 genus
1139 1393 1331 1454 divinationis

255 1493 319 1552 vita
344 1493 405 1552 iam
435 1492 598 1552 communis
625 1491 786 1568 explosit“,
818 1493 924 1571 quibus
951 1493 1001 1552 hic
1030 1495 1066 1553 de
1095 1494 1224 1554 sortibus
1241 1496 1331 1554 locus

255 1594 373 1655 finitur:
396 1613 486 1668 „ergo
501 1594 559 1653 hoc
573 1593 767 1654 divinationis
781 1613 875 1668 genus
890 1595 1078 1654 omittamus“
1094 1598 1216 1656 -haec
1231 1598 1332 1656 omnia

255 1695 287 1755 id
316 1697 394 1776 quod
423 1696 510 1773 posui
539 1697 750 1756 demonstrant
795 1697 920 1756 Accedit
948 1697 1024 1756 mira
1053 1717 1111 1776 qua
1136 1699 1238 1758 Cicero
1261 1701 1331 1759 Car·

254 1799 356 1858 neadis
379 1799 458 1858 dicto
482 1798 576 1876 utitur
596 1798 682 1857 ratio.
702 1878 704 1884 Ι
726 1798 810 1857 Dicit
831 1799 920 1875 enim,
940 1800 973 1858 iu
994 1799 1101 1873 volgus
1122 1805 1239 1860 tantum
1259 1806 1331 1860 tunc

255 1901 519 1960 Praenestinorum
542 1900 666 1959 sortium
686 1920 794 1960 nomen
816 1881 955 1972 retineri3
983 1901 1089 1960 ceteris
1110 1922 1182 1963 vero
1203 1903 1236 1961 in
1257 1903 1331 1964 locis

257 2008 352 2064 sortes
380 2003 468 2080 plane
496 2002 650 2063 refrixisse
677 2007 767 2082 atque
793 2003 826 2061 id
855 2003 1004 2063 censuisse
1034 2004 1123 2064 etiam
1150 2006 1332 2066 Carneadem

256 2105 418 2178 dicentem,
448 2123 594 2184 nusquam
623 2124 654 2163 se
675 2105 903 2165 fortunatiorem
929 2125 1017 2185 quam
1039 2108 1200 2167 Praeneste
1221 2109 1331 2170 vidisse

254 2209 414 2268 fortunam.
457 2209 541 2266 Haec
556 2227 648 2286 quem
666 2227 771 2283 parum
792 2208 872 2266 inter
893 2227 924 2266 se
940 2214 1106 2282 congruant
1124 2211 1331 2290 unusquisque

255 2309 351 2382 videt,
382 2313 471 2387 atque
493 2314 631 2386 apparet,
662 2309 834 2368 Ciceronem
862 2310 899 2368 de
929 2329 981 2368 sua
1003 2311 1152 2368 sententia
1172 2311 1330 2385 addidisse,

256 2430 332 2490 quae
355 2411 513 2474 Carneadis
544 2412 623 2470 dioto
653 2412 850 2489 praecedunt,
880 2413 957 2489 apud
987 2406 1202 2472 Clitomachum
1231 2419 1331 2474 autem

254 2517 372 2572 tantum
401 2514 473 2592 haec
503 2515 566 2572 fere
593 2513 704 2590 scripta
724 2513 832 2572 fuisse:
862 2515 897 2572 de
920 2514 1048 2573 sortibus
1078 2534 1143 2573 non‘
1165 2535 1238 2590 opus
1266 2535 1330 2574 esse

255 2615 370 2688 dicere;
391 2615 522 2678 inveniri
545 2612 594 2675 eas
617 2616 736 2696 quidem
757 2615 859 2694 paucis
880 2615 970 2688 locis,
991 2616 1150 2693 praecipue
1171 2617 1224 2676 ubi
1245 2622 1330 2677 vetu-

254 2721 330 2776 state
354 2716 454 2796 aliqua
484 2717 703 2794 superstitionis
732 2719 1021 2790 commendarentur,
1052 2717 1135 2778 velut
1156 2720 1327 2793 Praeneste,

254 2818 493 2899 Carneademque
515 2819 613 2878 dicere
636 2819 755 2879 solitum
777 2839 856 2893 esse,
877 2838 1025 2898 nusquam
1047 2840 1078 2878 se
1101 2827 1171 2892 cet,
1196 2807 1328 2880 attamen

250 2921 284 2980 in
304 2921 478 2982 universnm
499 2921 598 2981 iama
627 2921 691 2981 vita
712 2922 861 2982 communi
888 2943 937 2982 aas
967 2943 1031 2982 esse
1059 2922 1211 2999 explosas,
1240 2944 1328 3001 posse

250 3024 344 3099 igitur
365 3025 471 3084 omitti.
495 3058 537 3068 -
579 3026 674 3084 Causa
695 3045 781 3098 vero,
813 3046 865 3084 cur
887 3025 989 3086 Cicero
1012 3031 1120 3098 sortes,
1151 3044 1329 3112 quamquam

251 3127 392 3198 breviter,
415 3131 565 3198 tractaret,
588 3147 623 3185 ea
638 3131 691 3198 est,
716 3128 793 3205 quod
814 3135 849 3187 ut
869 3128 934 3202 ipse
956 3132 1091 3197 testatur,
1115 3127 1179 3184 eius
1193 3132 1327 3203 tempore

251 3229 380 3297 fuerunt,
404 3227 456 3303 qui
478 3227 607 3284 sortibus
627 3202 832 3285 Praenestinis
854 3227 968 3303 aliquid
990 3227 1164 3285 tribuerent.
1187 3257 1229 3268 —-
1262 3226 1327 3282 Iam

251 3329 288 3386 de
310 3327 471 3401 astrologia
486 3327 586 3386 Cicero
610 3328 687 3404 apud
703 3327 918 3386 Clitomachum
940 3325 1018 3383 nihil
1032 3323 1158 3396 invenit,
1180 3326 1231 3384 sed
1251 3345 1326 3405 quae

250 3431 287 3488 de
309 3449 344 3488 ea
365 3431 480 3506 profert
501 3428 538 3506 (c.
555 3429 706 3507 42-46)
729 3449 796 3488 eum
818 3426 977 3504 sumpsisse
999 3445 1017 3485 a
1039 3427 1182 3486 Panaetio
1205 3428 1326 3487 demon·

250 3536 375 3591 stratum
403 3537 448 3591 est
469 3552 498 3608 p.
517 3537 564 3591 13.
608 3535 712 3611 Neque
741 3552 812 3591 vero
841 3529 995 3604 negotium
1021 3529 1114 3589 fuisse
1141 3530 1325 3590 Clitomacho

248 3635 424 3694 refutandae
442 3633 627 3707 astrologiae,
651 3635 810 3706 credemus,
834 3632 859 3690 si
876 3631 1106 3705 meminerimus,
1129 3632 1274 3692 Carneadi
1296 3638 1327 3691 et·
1443 3673 1445 3679 s

249 3736 434 3797 Clitomacho
467 3736 653 3812 potissimum
686 3755 752 3822 cum
784 3735 944 3810 Antipatro
978 3735 1069 3794 fuisse
1104 3734 1325 3794 contentionem

250 3837 300 3916 (cf.
319 3859 348 3915 p.
366 3839 428 3916 30),
449 3840 530 3896 huno
551 3841 650 3896 autem
672 3837 704 3896 in
728 3837 788 3896 suis
810 3838 847 3896 de
866 3837 1050 3897 divinatione
1071 3835 1157 3895 libris
1179 3837 1215 3895 de
1231 3840 1324 3896 astro-

248 3940 329 4015 logia
354 3961 415 3999 non
443 3939 616 3998 disseruisse
643 3939 684 4016 (p.
703 3940 763 4017 13).
808 3941 877 3998 Non
905 3937 999 4012 igitur
1024 3957 1106 3996 mero
1135 3957 1205 3996 casu
1227 3958 1325 4018 neque

248 4042 437 4116 neglegentia
464 4045 581 4100 tantum
611 4041 701 4122 (quod
731 4042 766 4100 de
794 4040 950 4101 Chaldaeis
978 4039 1093 4098 censuit
1119 4039 1265 4098 Christius
1291 4039 1324 4096 in

249 4132 379 4204 editione
413 4142 607 4220 scriptionum
635 4143 725 4204 Tullii
757 4142 1003 4221 philosopherum
1032 4140 1186 4200 Turicensi
1218 4137 1323 4214 altera)

247 4247 438 4323 factumest,
466 4251 501 4305 ut
527 4246 559 4306 in
581 4247 726 4310 divisione
754 4245 807 4304 illa
832 4244 903 4304 libri
925 4243 1047 4303 alterius
1068 4261 1166 4324 neque
1196 4241 1321 4301 sortium
