3106 5018
655 457 695 520 19

130 631 212 684 cum,
236 631 322 690 quem
339 612 489 691 sequitur,
512 611 670 684 Graecum,
692 611 765 671 haec
783 611 931 672 sententia
947 608 1036 670 etiem
1055 613 1208 671 confirma·-

130 718 179 774 tur
195 733 229 772 eo
238 759 246 788 ,
268 716 348 792 quod
362 714 396 772 in
412 713 552 774 universa
569 714 624 772 hec
642 713 845 788 exemplorum
861 712 1047 773 enarratione
1062 714 1207 773 indicium

131 809 176 874 est
200 816 291 875 fontis
316 815 436 886 Graeci,
466 815 614 890 patefacta
637 814 847 890 dispositione,
877 834 953 892 quae
973 815 1007 873 in
1026 815 1117 888 libro,
1147 831 1206 895 quo

130 918 238 990 utitur,
267 918 402 976 adhibita
419 921 491 976 erat.
533 915 616 975 Dicit
637 916 717 975 enim
734 917 768 974 in
785 918 845 976 fine
865 916 881 994 ς
902 917 959 976 50:
980 917 1087 994 „plena
1106 937 1206 977 exem·

128 1019 245 1094 plorum
264 1022 309 1078 est
332 1017 472 1100 historia,
505 1021 567 1077 tum
585 1018 695 1076 referta
714 1018 777 1078 vita
796 1019 987 1078 communis.“
1029 1021 1152 1098 Iamque
1177 1025 1207 1078 et

128 1124 251 1196 propter
268 1119 396 1196 speciem
412 1120 518 1178 horum
533 1121 691 1179 verborum
709 1123 739 1178 et
756 1119 895 1198 quoniam
912 1120 1049 1197 exempla
1064 1118 1206 1180 historica

128 1227 366 1298 praecesserunt,
396 1221 510 1280 somnia
533 1227 737 1297 exspectamus
758 1225 875 1296 sumpta
899 1241 937 1280 ex
960 1222 1023 1281 vita
1048 1223 1206 1292 communi,

128 1325 181 1382 sed
204 1324 321 1382 frustra.
365 1319 432 1381 Non
459 1321 538 1380 enim
564 1324 739 1398 placuerunt
755 1322 890 1382 Ciceroni
908 1321 1042 1394 „minuta
1063 1324 1207 1396 somnia“,

129 1445 205 1504 quae
227 1427 283 1484 hoc
307 1426 370 1484 loco
390 1427 469 1501 apud
493 1424 624 1484 Stoicum
642 1426 857 1503 sequebantur3
890 1423 1072 1501 „exemplis“
1091 1425 1205 1486 scilicet

128 1517 352 1602 „grandioribus
373 1526 473 1585 decuit
491 1525 554 1585 uti“
574 1525 617 1604 (Ι,
641 1526 656 1604 ς
676 1526 745 1604 39);
767 1525 895 1586 inseruit
915 1526 1008 1600 igitur
1026 1527 1059 1586 P.
1078 1527 1204 1586 Decium

129 1627 164 1708 (S,
175 1629 236 1706 51).
280 1628 396 1686 Deinde
415 1629 452 1686 ad
469 1627 599 1686 Stoicum
616 1627 696 1687 redit
714 1611 939 1705 dispositionem
956 1627 1020 1687 eius
1037 1629 1134 1688 denuo
1156 1629 1204 1688 in·

128 1730 229 1788 dicans
246 1729 294 1788 his
309 1729 425 1788 verbis:
447 1731 517 1802 „sed
534 1729 688 1789 veniamus
703 1749 783 1790 nunc
798 1729 824 1788 si
839 1731 937 1806 placet
954 1731 990 1788 ad
1008 1729 1121 1788 somnia
1137 1731 1205 1806 phi·

124 1831 341 1906 losophorum“.
385 1831 497 1889 Eodem
523 1831 629 1904 etiam,
658 1836 865 1910 praeterquam
890 1833 968 1910 quod
986 1830 1103 1890 verbisz
1131 1833 1205 1905 „Est

127 1935 205 2009 apud
221 1933 375 1990 Platonem
393 1932 526 1991 Socrates
548 1965 590 1976 -·
604 1961 647 1976 -·-
669 1932 786 1990 dicens“
804 1935 832 2010 (ξ
851 1935 904 2008 52)
921 1937 1023 2008 aperte
1047 1938 1205 1994 vertuntur

126 2034 253 2092 Graeca:
276 2029 336 2092 dors
359 2025 440 2110 παρὰ
460 2034 500 2113 spi
521 2025 661 2090 Πλάτωνι
679 2025 844 2110 Σωκράτης
860 2029 967 2112 λέγων,
989 2034 1037 2106 id,
1060 2038 1139 2112 quod
1159 2037 1202 2094 le·

126 2137 222 2210 gimus
238 2134 253 2212 ἓ
269 2140 317 2207 54,
339 2134 487 2210 pertinet:
511 2133 724 2208 „adiungamus
740 2134 926 2210 philosophis
940 2165 984 2178 -·
997 2165 1040 2178 -ω
1054 2138 1202 2213 podtam“.

126 2238 263 2297 Ceterum
285 2236 392 2294 mirum
412 2239 555 2313 quantum
573 2236 723 2295 Ciceronis
740 2235 871 2295 narratio
889 2237 926 2294 de
942 2236 1102 2313 Sophocle,
1125 2259 1201 2318 quae

125 2339 175 2397 hic
198 2337 348 2417 sequitur,
371 2338 490 2397 differat
511 2339 547 2396 ab
567 2357 602 2396 ea
620 2338 751 2397 eiusdem
767 2338 812 2397 rei
830 2337 1031 2414 expositione,
1055 2359 1130 2418 quae
1150 2361 1203 2401 ex·

126 2444 185 2499 stat
208 2440 240 2499 in
263 2439 327 2501 vita
350 2439 504 2515 Sophoclis
531 2439 638 2516 (Schol.
662 2440 696 2498 in
718 2439 809 2516 Soph.
835 2441 879 2499 ed.
907 2439 940 2499 G.
962 2439 1098 2502 Dindorf.
1120 2463 1149 2519 p.
1168 2444 1201 2521 4)

124 2543 227 2621 ibique
252 2543 380 2601 refertur
405 2543 442 2600 ad
467 2539 662 2618 Hieronymi,
692 2545 771 2600 corte
798 2540 926 2613 Rhodii,
957 2542 1009 2619 qui
1032 2543 1202 2605 Aristotelis

123 2644 183 2702 fuit
204 2643 381 2719 discipulus,
403 2644 512 2702 librum
535 2645 572 2702 de
594 2662 702 2702 corona
723 2661 819 2702 aurea.

208 2743 248 2802 Ut
266 2744 352 2819 eopia
371 2744 496 2819 amplior
513 2745 566 2804 fiat
585 2749 615 2804 et
634 2744 763 2804 varietas
780 2745 903 2818 existat,
935 2743 950 2822 S
972 2749 1010 2803 55
1034 2751 1065 2806 et
1080 2751 1119 2805 56
1140 2749 1198 2808 duo

122 2843 260 2919 exempla
274 2843 407 2903 Romana
422 2847 613 2920 proferuntur
629 2849 665 2906 ad
681 2847 812 2906 Caelium
830 2848 938 2918 relata,
960 2856 1124 2925 sequuntur
1139 2854 1198 2913 duo

123 2945 249 3018 Graeca,
284 2963 358 3024 quae
383 2964 421 3002 ne
448 2948 560 3004 temere
583 2953 663 3005 certo
689 2948 736 3004 cui
761 2947 859 3005 Stoico
884 2947 1062 3019 tribuamus,
1095 2954 1200 3010 vetant

121 3049 227 3107 verbs:
246 3047 281 3126 (c.
294 3048 333 3106 27
351 3047 367 3125 ξ
385 3047 437 3123 56)
455 3065 549 3124 „quae
566 3047 742 3106 creberrime
754 3051 1017 3106 commemorantur
1032 3071 1049 3109 a
1062 3049 1198 3112 Stoicis.“

123 3151 254 3228 Cumque
270 3169 304 3209 ea
322 3169 381 3208 non
399 3148 511 3208 inserta
528 3149 589 3208 sint
604 3148 793 3226 dispositioni
809 3148 952 3222 Graecae,
973 3149 1006 3208 in
1025 3171 1083 3230 qua
1098 3157 1199 3214 tamen

121 3252 246 3310 Arcadis
263 3252 408 3310 somnium
428 3251 542 3311 verbis:
565 3247 783 3328 [exemplorum
803 3253 862 3332 est]
887 3253 1014 3324 „referta
1037 3254 1101 3314 vita
1120 3275 1199 3316 com·

121 3353 238 3411 munis“
256 3354 285 3432 (5
304 3360 342 3414 50
360 3354 425 3431 fin.)
447 3353 599 3430 aptissime
622 3354 733 3427 subici,
767 3353 927 3412 Simonidis
942 3353 971 3430 (ξ
991 3355 1043 3430 54)
1064 3355 1097 3413 in
1121 3375 1198 3416 som-

121 3453 181 3512 niis
195 3448 350 3529 ¹poitarum
373 3455 509 3514 collocari
526 3456 640 3531 potuit,
661 3475 758 3533 neque
774 3473 845 3512 vero
863 3453 1007 3528 suspicari
1023 3455 1126 3529 liceat,
1148 3460 1197 3519 Ci-

120 3573 256 3614 ceronem
272 3575 306 3614 ea
322 3557 492 3616 memoriter
506 3539 678 3633 protulisse,
702 3555 841 3634 quoniam
859 3554 930 3614 satis
949 3555 1108 3628 diligenter
1126 3567 1197 3622 sunt

121 3661 272 3730 enarrata,
295 3660 414 3717 credere
432 3660 587 3730 debemus,
610 3679 677 3718 eum
693 3660 766 3718 haec
783 3659 840 3716 duo
864 3656 978 3716 somnia
993 3659 1138 3734 reperisse
1161 3661 1195 3718 in

119 3758 178 3816 alio
196 3758 273 3817 libro
289 3759 399 3820 Graeco
422 3765 511 3840 atque
527 3761 553 3819 is
571 3766 631 3833 est,
654 3779 742 3839 quem
757 3758 929 3837 ceteroquin
944 3757 1086 3834 excerpit.
1129 3759 1195 3819 Sui·

119 3860 211 3918 dass.
234 3879 261 3920 v.
282 3863 480 3939 τιμωροῦντος
496 3863 621 3921 Arcadis
646 3862 793 3921 somnium
811 3862 848 3920 ad
870 3859 1069 3936 Chrysippum
1085 3862 1192 3934 refert;

119 3963 172 4020 sed
204 3961 268 4020 eius
291 3964 420 4023 narratio
446 3985 463 4023 a
486 3965 635 4024 Ciceronis
660 3969 721 4023 tam
744 3968 789 4023 est
818 3963 951 4033 diversa,
981 3965 1016 4021 ut
1045 3967 1195 4038 appareat,

119 4062 199 4122 hunc
217 4083 270 4123 sua
293 4083 353 4124 non
375 4067 485 4125 habere
509 4086 548 4124 ex
568 4065 729 4144 Chrysippi
749 4065 834 4123 libro.
877 4064 962 4122 Unde
984 4083 1055 4124 vero
1078 4066 1194 4139 habeat,

118 4163 152 4221 in
169 4167 341 4242 quaestione
358 4169 475 4228 demum
493 4170 529 4227 de
547 4167 669 4231 alterius
690 4167 761 4226 libri
779 4165 911 4225 Tulliani
926 4165 1060 4226 fontibus
1079 4165 1194 4243 discep-

118 4265 178 4324 tari
200 4269 318 4341 poterit.
362 4270 522 4349 Postquam
540 4271 642 4332 Cicero
662 4269 787 4330 Arcadis
809 4267 922 4328 somnio
942 4267 1002 4327 iam
1020 4266 1097 4326 nihil
1116 4267 1193 4329 divi-

940 4375 958 4426 2
970 4368 989 4406 a
