3106 5018
811 397 853 462 38

293 553 434 630 prinoeps
450 553 514 612 eius
528 551 712 630 disciplinae,
729 551 883 610 Posidonii
899 551 1014 625 dootor,
1033 550 1195 627 diseipulns
1209 551 1372 632 Antipatri,

294 656 490 730 degeneravit
509 655 680 728 Panaetius,
701 674 758 714 neo
778 661 879 714 tamen
900 673 989 714 ausus
1011 659 1057 714 est
1078 673 1201 730 negare,
1223 655 1285 716 vim
1307 675 1371 714 esse

296 758 461 830 divinandi,
484 757 535 816 sed
550 757 686 816 dubitare
708 777 739 816 se
761 757 868 818 dixit“
911 757 1101 816 dunctano
1117 757 1241 816 s'eribat:
1262 775 1370 830 „ansus

236 939 238 945 γ
295 865 360 921 est“
374 860 501 934 „dirit“,
521 861 648 919 fortasse
663 859 771 938 aliquis
785 863 878 936 putet,
901 877 969 918 eum
983 858 1120 918 Panaetii
1135 860 1171 918 de
1186 859 1370 920 divinatione

296 963 476 1024 sententiam
491 961 676 1022 sermonibus
698 966 750 1020 aut
763 961 843 1018 lama
857 960 1014 1037 accepisse.
1057 961 1115 1020 Sed
1129 962 1167 1020 of.
1182 966 1235 1021 Ae.
1253 963 1311 1039 pri.
1327 963 1369 1034 11,

299 1068 372 1126 107:
394 1066 444 1138 „id
460 1064 578 1142 quidem
593 1060 674 1139 [fieri
689 1082 785 1140 posse,
806 1067 841 1122 ut
855 1062 1013 1142 qnisquam
1027 1062 1103 1122 nulli
1117 1063 1161 1124 rei
1176 1062 1370 1143 assentiatur]

296 1167 484 1245 perspienum
506 1169 565 1238 est,
587 1183 654 1224 oum
676 1161 851 1238 Panaetius,
881 1164 1020 1242 princeps
1042 1183 1135 1242 prope
1161 1184 1227 1224 meo
1250 1165 1370 1243 quidem

294 1269 405 1328 indieio
428 1267 603 1340 Stoicorum,
626 1267 718 1327 eade
740 1285 773 1326 ro
795 1265 932 1326 dubitare
954 1285 985 1326 se
1009 1266 1133 1340 dieat,
1157 1285 1245 1344 quam
1267 1285 1369 1328 omnes

292 1376 413 1450 praeter
435 1389 503 1430 eum
524 1369 617 1429 Stoioi
639 1368 833 1428 oertissimam
856 1373 978 1444 putant,
1000 1388 1072 1428 vera
1093 1388 1157 1428 esse
1177 1369 1370 1446 haruspicum

292 1467 459 1551 responsa,
474 1471 621 1548 auspicia,
644 1471 777 1543 oracula,
799 1470 928 1540 somnia,
950 1467 1196 1543 vaticinationes,
1219 1489 1309 1550 seque
1331 1475 1369 1531 ab

294 1593 418 1635 assensu
440 1573 647 1633 sustineat.
691 1572 826 1648 Quodsi
846 1573 874 1630 ia
895 1575 1030 1649 potest
1051 1573 1149 1632 faeere
1178 1571 1227 1632 vel
1255 1573 1292 1631 de
1320 1574 1369 1632 his

292 1679 391 1750 rebus,
413 1695 488 1756 quas
509 1673 563 1747 illi,
586 1695 604 1733 a
626 1675 734 1754 quibus
755 1675 820 1751 ipss
835 1674 951 1748 didioit,
969 1671 1064 1734 oertas
1079 1673 1249 1749 habuerint,
1272 1695 1325 1736 our
1337 1678 1370 1735 id

293 1779 413 1856 sapiens
440 1780 476 1838 de
503 1777 627 1857 reliquis
655 1779 744 1838 rebus
770 1778 869 1837 faeere
895 1797 957 1836 non
983 1775 1117 1853 possit?“
1159 1775 1370 1858 Unusquisque
1462 1803 1465 1808 ·

292 1881 384 1955 videt,
407 1899 495 1960 qnam
517 1899 621 1958 parum
641 1885 724 1938 reeta
746 1879 786 1938 sit
806 1881 881 1938 haee
903 1878 1066 1949 oonolusi03
1087 1897 1174 1939 nemo
1197 1886 1276 1940 eerte
1299 1901 1368 1940 eon-

295 1984 388 2058 eedet,
410 1987 577 2062 propterea,
601 1982 679 2062 quod
701 1983 737 2042 de
752 2001 813 2041 nna
835 1981 936 2060 aliqua
955 2000 990 2040 re
1011 1981 1061 2060 (de
1075 1981 1233 2058 Panaetio)
1254 1982 1369 2064 aliquid

294 2087 482 2165 praedieatur
505 2086 584 2164 (eum
604 2085 641 2143 de
656 2083 840 2146 divinatione
859 2084 1011 2156 dubitare;
1033 2084 1223 2161 praedicandi
1245 2087 1369 2144 verbum

294 2209 333 2248 ex
353 2183 596 2263 logicorum'nsn
617 2186 668 2246 hio
689 2185 825 2260 intellegi
846 2184 937 2260 volo),
963 2186 1053 2244 etiam
1075 2187 1112 2246 de
1134 2186 1270 2245 omnibus
1292 2188 1369 2246 eius-

223 2359 227 2365 ·
293 2291 361 2350 dem
383 2290 501 2364 generis
522 2291 611 2348 rebus
640 2288 690 2366 (de
716 2289 851 2366 sapiente
879 2287 912 2346 in
932 2287 1117 2364 universum)
1137 2288 1369 2366 praedieandum

292 2413 357 2452 esse
378 2396 475 2452 totum
504 2392 535 2450 id
556 2411 664 2465 genus,
693 2391 775 2450 ouius
803 2389 917 2466 speeies
946 2389 1080 2463 singulae
1108 2391 1154 2449 rei
1181 2390 1369 2450 tribuebatur

292 2495 372 2573 (enm
395 2496 431 2556 de
453 2494 589 2554 omnibus
612 2493 768 2570 dubitare).
813 2493 901 2571 Apud
923 2491 1132 2551 Aeademioum
1153 2493 1298 2552 Graecum
1320 2512 1368 2574 ae·

293 2601 395 2656 aurete
418 2601 448 2656 et
469 2601 555 2656 aonte
577 2597 778 2673 disputantem
798 2595 904 2654 falsam
924 2596 1003 2654 hano
1025 2592 1243 2653 eonolnsionem
1266 2594 1368 2654 Oioero
1395 2632 1398 2638 ‚

293 2719 356 2758 non
376 2700 502 2768 invenit,
525 2699 577 2756 sed
597 2699 661 2775 ipse
679 2698 814 2757 inseruit.
860 2698 947 2762 Quod
969 2715 1021 2756 eur
1042 2696 1148 2757 feeerit
1167 2701 1230 2756 tum
1252 2697 1369 2756 demum

294 2800 606 2874 intellegemus,*onm
628 2799 808 2872 singularem
820 2798 961 2877 'aliquam
982 2799 1120 2858 Panaetii
1139 2799 1280 2862 laudandi
1302 2819 1369 2861 oan-

295 2921 357 2961 sam
380 2901 511 2976 cogitare
531 2900 703 2978 poterimus.
746 2901 905 2962 credemus
932 2901 1042 2975 igitur,
1073 2901 1246 2963 Gioeronem
1270 2904 1370 2982 paullo

294 3009 374 3077 ante,
398 3023 486 3084 quam
506 3005 581 3062 haee
604 3003 731 3080 scripsit,
754 3023 830 3084 quae
852 3023 891 3064 ex
912 3004 1097 3064 Aoedemieis
1119 3005 1239 3082 protuli,
1263 3005 1371 3079 legisse

294 3105 431 3166 Panaetii
454 3106 490 3164 de
511 3107 600 3165 rebus
621 3105 682 3164 illia
702 3104 853 3166 iudicium.
898 3107 1032 3185 Utroque
1053 3111 1153 3165 autem
1173 3107 1240 3166 loeo
1255 3108 1371 3168 Gioero-

295 3229 364 3268 nem
386 3228 472 3266 usum
501 3227 565 3266 esse
587 3208 690 3266 eodem
718 3209 802 3267 fonte
824 3212 856 3267 at
883 3209 931 3266 o'ui
952 3205 1113 3267 maximam
1139 3209 1250 3266 habere
1271 3211 1373 3282 posset

295 3311 384 3370 fidem
403 3327 601 3388 magnamque
622 3305 754 3368 tribuere
773 3309 989 3379 anctoritatem,
1013 3328 1048 3367 ea
1068 3327 1101 3367 re
1117 3310 1271 3385 probatur,
1293 3309 1373 3388 quod

295 3411 329 3472 hi
350 3411 409 3470 looi
432 3411 500 3489 (An.
518 3413 574 3490 pri.
593 3411 636 3489 11,
662 3412 719 3471 107
744 3415 775 3470 et
796 3411 833 3468 do
855 3410 913 3469 div.
934 3410 959 3480 Ι,
983 3408 999 3488 §
1019 3408 1051 3486 6)
1072 3428 1168 3486 paene
1189 3411 1373 3472 adverbum
1404 3428 1406 3433 ·

296 3514 377 3572 inter
399 3534 430 3572 se
453 3520 629 3589 congruunt,
651 3514 682 3573 id
697 3515 775 3594 quod
797 3511 955 3572 fortuitum
973 3531 1037 3570 esso
1059 3532 1120 3571 non
1142 3517 1187 3572 est
1201 3514 1373 3591 putandum,

297 3635 365 3674 oum
388 3615 514 3674 seiamus
536 3617 572 3674 de
593 3615 646 3674 illa
666 3615 803 3675 Panaetii
831 3633 849 3674 a
871 3613 978 3674 esteris
1000 3613 1107 3674 Stoicis
1131 3614 1315 3675 dissensione
1336 3617 1374 3674 ab

188 3719 191 3728 ’
296 3717 365 3777 aliis
386 3717 445 3776 alia
466 3717 577 3777 tradita
598 3737 662 3776 esse
683 3717 735 3794 (ot.
752 3716 858 3776 Zeller.
876 3717 913 3776 ds
927 3717 1035 3795 philos.
1053 3715 1102 3776 Gr.
1118 3717 1177 3790 III,
1204 3722 1215 3776 l
1243 3737 1271 3794 p.
1291 3717 1375 3794 506).

297 3819 462 3878 Peouliaris
484 3825 583 3878 autem
603 3819 739 3878 Panaetii
761 3820 797 3878 de
820 3819 1005 3880 divinatione
1025 3819 1103 3878 liber
1124 3837 1185 3878 non
1206 3820 1272 3894 fuit,
1297 3820 1376 3900 quod

297 3921 325 3980 si
346 3921 453 3982 diisset
474 3921 576 3980 Oioero
599 3921 663 3980 sine
691 3921 781 3980 dubio
811 3929 863 3980 aut
888 3923 921 3980 in
943 3921 1110 3980 Stoioorum
1133 3921 1170 3981 de
1192 3922 1376 3982 divinatione

296 4023 445 4082 librorum
466 4023 543 4082 serie
565 4022 594 4098 (1
616 4021 633 4101 ξ
651 4022 682 4100 6)
705 4028 757 4083 aut
777 4023 825 4082 his
841 4023 925 4096 loeis,
948 4042 1022 4102 quos
1044 4023 1131 4082 modo
1150 4023 1302 4100 exsoripsi,
1325 4027 1377 4082 aut

295 4121 348 4183 nbi
366 4125 544 4200 astrologiae
559 4125 769 4186 refutationem
784 4127 821 4185 ad
834 4124 1010 4186 Panaetium
1024 4125 1117 4185 refert
1130 4125 1184 4203 (ΙΙ,
1200 4124 1254 4201 97)
1267 4123 1377 4184 librum

296 4225 364 4288 eius
385 4227 423 4287 da
444 4227 629 4290 divinatione
647 4232 916 4302 commemorasset.
961 4228 998 4286 In
1028 4225 1086 4286 alio
1108 4225 1202 4300 igitur
1222 4225 1299 4286 libro
1321 4227 1378 4285 Pa-
