3106 5018
704 394 744 458 37

185 547 311 610 ferenda
325 567 373 608 ree
387 551 530 608 trautatae
547 548 759 608 demonstrant.
804 549 890 612 Quod
905 549 994 608 huius
1015 549 1110 626 ipsius
1125 549 1264 626 propriae

188 656 220 712 et
241 669 311 712 suae
333 649 542 728 disputationis
564 650 650 710 initio
666 651 768 712 (liuere
789 651 918 728 primum
934 651 1117 727 pronuntiat,
1141 652 1177 711 de
1200 671 1263 710 sor·

188 753 269 815 tibus
291 757 322 810 et
344 752 380 812 de
401 751 557 812 Chaldaeis
578 751 742 827 penuliares
763 753 828 812 tore
850 752 994 812 erutonis
1016 761 1130 830 partes,
1154 773 1188 813 eo
1211 754 1263 814 fir-

188 859 286 914 matur
313 852 463 916 sententia
491 871 580 931 supra
609 854 758 930 exposita,
788 855 825 912 de
852 853 913 914 illis
941 855 1021 930 apud
1048 855 1265 917 Clitomachum

190 955 310 1018 omnino
328 975 399 1018 ,nan
426 954 519 1016 fuisse
541 954 700 1016 dissertum
728 955 851 1033 eiusque
878 955 1056 1016 divisionem
1081 976 1101 1016 a
1121 957 1264 1018 Gieerona

189 1075 212 1116 a.
234 1060 268 1116 11
297 1056 445 1132 integram
472 1076 536 1118 ease
563 1056 746 1118 translatam.
775 1089 817 1100 —-
861 1058 973 1116 Eorum
1001 1076 1086 1129 vero,
1117 1077 1192 1135 quae
1219 1077 1264 1116 se·

190 1162 321 1237 quantur
343 1178 368 1218 a.
385 1163 425 1220 38
448 1163 479 1218 et
501 1163 557 1232 39,
588 1177 730 1218 summam
757 1177 821 1218 esse
850 1158 980 1218 auctoris
1002 1158 1123 1218 Graeuis
1153 1179 1192 1220 ex
1217 1160 1265 1218 his

190 1265 326 1338 apparet:
350 1260 423 1339 §80
448 1260 600 1322 Gieeronis
626 1261 700 1320 haee
729 1265 799 1320 sunt
827 1262 934 1322 verba:
962 1259 1056 1334 „illud
1075 1266 1146 1322 'erat
1167 1260 1265 1337 philo-

192 1363 277 1440 sophi
303 1361 418 1440 potius,
447 1363 538 1424 totius
566 1362 683 1436 augurii
712 1361 840 1440 primum
866 1367 1002 1423 naturam
1029 1361 1125 1439 ipsam
1152 1361 1264 1433 videre,

191 1465 297 1526 deinde
312 1464 525 1538 inventionem,
548 1465 655 1524 deinde
671 1465 896 1526 nunauntiamf‘
939 1465 1030 1526 Hune
1046 1464 1180 1525 ordinem
1199 1464 1266 1540 ipse

191 1566 222 1626 iu
244 1566 437 1646 sequentibus
460 1572 568 1628 servat.
612 1567 686 1632 Quis
701 1571 801 1628 eutem
816 1586 877 1626 non
891 1565 983 1638 videt,
1002 1566 1048 1628 ita
1061 1567 1172 1628 fantum
1191 1585 1267 1638 esse,

191 1677 224 1728 ut
250 1669 287 1728 de
314 1669 417 1730 eadem
442 1689 476 1730 re
503 1670 550 1729 bis
579 1669 704 1730 diversis
731 1669 805 1730 loeis
827 1667 982 1743 ageretur?
1024 1669 1070 1728 De
1098 1667 1266 1730 eonstautia

192 1769 271 1830 enim
292 1771 410 1846 augurii
431 1770 448 1849 S
469 1777 507 1832 82
530 1772 633 1832 Cicero
661 1773 705 1831 ita
730 1772 876 1850 loquitur,
907 1777 941 1831 ιιι
962 1772 1157 1843 demonstret,
1186 1770 1266 1848 apud

191 1872 265 1934 alios
287 1873 412 1950 populos
433 1873 492 1934 alia
513 1893 577 1934 esse
600 1875 731 1948 auguria,
753 1878 843 1952 atque
861 1873 940 1934 idem
961 1873 1022 1932 iam
1043 1871 1059 1950 ἓ
1077 1873 1116 1931 76
1139 1872 1265 1934 dixerat.

193 1977 287 2037 (lausa
307 1976 396 2037 huius
422 1975 467 2036 rei
493 1975 527 2036 in
549 1996 583 2036 eo
605 1980 719 2036 tantum
741 1975 840 2052 posita
867 1995 931 2036 esse
951 1979 1064 2053 potest,
1096 1976 1174 2054 quod
1200 1995 1267 2034 aum

191 2077 353 2154 partitione
374 2077 428 2139 illa
448 2098 510 2138 non
531 2083 644 2138 mutata
666 2077 873 2156 explicationis
890 2097 1007 2156 quoque
1029 2078 1151 2136 adeam
1172 2076 1265 2154 perti-

194 2179 293 2240 nentis
320 2199 465 2242 summam
486 2181 587 2241 Gioero
616 2201 655 2240 ex
680 2181 757 2240 libro
784 2179 1064 2256 Graeeosumpsit,
1095 2198 1162 2241 oum
1190 2197 1267 2258 quae

192 2280 238 2342 illi
260 2283 440 2344 antecedunt
462 2304 515 2344 suo
537 2285 634 2344 Marte
655 2283 849 2361 exposuisset.
872 2315 915 2328 -

282 2383 360 2448 Quid
381 2384 572 2446 iudicandum
599 2386 639 2444 sit
664 2385 700 2444 de
722 2385 847 2446 sortium
874 2389 905 2444 et
929 2384 965 2444 de
987 2383 1201 2448 Chaldaeorum
1222 2404 1269 2444 re·

194 2465 325 2548 tentione
347 2485 384 2564 (e.
403 2485 571 2567 41-46),
599 2488 724 2567 exposui
745 2510 774 2566 p.
791 2493 841 2550 32.
884 2486 963 2548 Addi
985 2491 1095 2563 potest,
1127 2507 1166 2546 ex
1187 2487 1269 2548 diee-

195 2589 277 2648 ronis
298 2590 398 2650 verbis
429 2590 466 2666 (a.
482 2591 521 2650 47
547 2589 648 2669 §97):
677 2591 820 2663 „videsne
841 2609 888 2650 me
910 2609 970 2648 non
993 2607 1029 2646 ea
1050 2588 1162 2661 dicere,
1193 2606 1269 2666 quae

198 2691 379 2766 Carneades,
401 2693 453 2754 ssd
474 2711 522 2765 ea,
547 2711 623 2771 quae
644 2693 783 2770 princeps
803 2691 969 2754 Stoicorum
990 2690 1149 2750 Panaetius
1171 2687 1269 2750 dixit?

198 2813 253 2866 ego
275 2797 374 2858 autem
401 2795 491 2854 etiarn
517 2796 592 2856 haee
615 2795 756 2876 requiro“
784 2799 855 2866 eet,
883 2792 1192 2872 praeterquamquod
1219 2792 1271 2854 de·

199 2893 381 2969 monstrant,
411 2896 642 2972 disputationem
669 2898 893 2956 antecedentem
922 2915 987 2955 esse
1007 2895 1160 2967 Panaetii,
1192 2894 1271 2955 inse·

199 3003 339 3074 quantem
366 3018 390 3058 e.
408 2999 447 3058 47
476 2998 570 3075 ipsias
600 2997 764 3069 Oiaeronis,
792 2997 824 3054 id
854 3015 971 3074 quoque
993 2996 1089 3056 denuo
1109 3013 1271 3071 apparere,

197 3119 234 3162 aa
261 3120 336 3180 quae
364 3101 458 3163 altero
486 3099 563 3162 libro
590 3099 716 3173 legimus
744 3098 777 3158 in
805 3096 978 3158 universum
1006 3097 1063 3158 niti
1087 3095 1270 3170 argumentis

198 3205 383 3276 Carneadeis,
403 3205 481 3266 libro
503 3202 596 3276 igitur
609 3201 794 3263 Clitomachi
839 3199 989 3273 Quaestio,
1013 3219 1087 3279 quae
1101 3199 1153 3260 hio
1167 3197 1271 3270 oritur,

199 3325 328 3385 quonam
356 3306 491 3370 Panaetii
520 3306 598 3367 libro
621 3305 723 3367 Cicero
752 3325 823 3366 usus
852 3303 893 3363 sit
916 3304 954 3364 ad
981 3303 1159 3364 refellendos
1185 3300 1273 3362 ohel·

199 3407 301 3478 daeos,
332 3408 537 3482 ooniungenda
565 3413 610 3468 est
637 3408 702 3468 oum
731 3405 937 3485 disquisitione
959 3405 995 3464 de
1017 3410 1137 3466 auotore
1160 3423 1272 3474 eorum,

201 3525 277 3584 quau
297 3506 423 3578 legimus
445 3507 462 3584 ξ
482 3512 670 3579 100-109,
691 3508 877 3585 primumque
899 3506 1103 3567 disserendum
1125 3507 1161 3564 de
1181 3504 1273 3567 auo-

201 3608 350 3671 einatione
378 3608 552 3685 Chrysippi,
583 3608 741 3681 Diogenis,
771 3607 924 3684 Antipatri
951 3608 984 3666 in
1004 3606 1060 3666 l.I
1083 3607 1155 3684 §82
1179 3612 1210 3666 et
1233 3612 1273 3668 83

201 3709 363 3790 proposita,
383 3709 416 3769 in
437 3709 457 3768 l.
470 3710 505 3770 ΙΙ
527 3709 727 3788 §lul-*106
745 3711 889 3784 rasitata,
912 3729 1000 3789 quam
1022 3709 1059 3768 ad
1079 3707 1274 3769 Posidonium

200 3832 262 3872 non
291 3831 355 3872 esse
382 3812 568 3875 referendam
595 3811 796 3874 demonstravi
816 3834 845 3890 p.
865 3819 904 3874 22
924 3831 967 3890 sq.
1011 3809 1119 3870 Potuit
1138 3813 1217 3871 uerte
1244 3813 1275 3872 et

200 3914 355 3994 proposita
383 3935 447 3974 esse
478 3919 508 3976 et
536 3916 666 3976 refutata
692 3934 711 3974 a
740 3915 882 3976 Panaetio
910 3915 943 3976 in
970 3935 1005 3974 ee
1034 3913 1127 3986 libro,
1158 3931 1220 3994 quo
1246 3909 1272 3970 is

201 4017 349 4095 exposuit,
372 4019 479 4098 quibas
502 4019 538 4076 de
560 4018 656 4081 nausis
669 4018 714 4080 ,de
731 4018 915 4080 &unedone
936 4015 1094 4078 dubitaret.
1136 4013 1174 4074 Id
1191 4012 1274 4073 ,enim

201 4141 269 4181 eum
295 4121 402 4185 desisse
430 4121 463 4182 in
485 4119 584 4200 aliquo
611 4121 688 4182 libro
717 4123 748 4180 et
774 4120 855 4180 huno
877 4118 1012 4180 uiaeroni
1042 4120 1160 4195 praesto
1182 4114 1275 4174 fuisse
1321 4155 1323 4159 ·

191 4227 283 4284 -eerta
304 4227 424 4289 exstant
444 4223 564 4284 indiuia.
607 4222 748 4296 Legimus
770 4221 806 4280 de
829 4219 923 4282 div.1
944 4219 1013 4298 §tiz
1039 4239 1076 4294 „a
1096 4217 1206 4282 Stoidis
1225 4217 1276 4283 vel.
