3106 5018
755 441 800 508 29

239 617 357 679 qnoque
379 597 422 659 ita
444 597 554 674 optimo
576 596 694 656 institui
721 600 874 672 putamus,
902 600 937 656 ut
964 599 1059 656 totum
1081 596 1190 656 librum
1219 596 1317 674 perlu-

240 707 375 761 strenus.

324 803 487 878 Postquam
509 801 609 860 Cicero
632 799 807 876 scriptiones
830 819 897 859 suas
918 800 1111 876 philosophas
1133 803 1319 864 enumeravit

239 903 437 981 exposuitque
455 901 594 973 breviter,
619 902 726 979 quibua
750 903 900 964 decausis
921 901 1134 978 illotempore‚
1158 923 1217 982 quo
1239 905 1319 966 hunc

238 1005 347 1064 librum
362 1003 489 1078 scripsit,
511 1001 718 1078 philosophiae
734 1022 765 1062 se
781 1004 902 1075 dederit,
926 1001 1069 1067 aQuinto
1084 1005 1176 1064 fratre
1192 1006 1317 1083 quaerit,

240 1125 434 1186 quarumnam
455 1123 553 1162 rerum
576 1104 719 1164 divinatio
742 1104 796 1177 sit,
823 1103 854 1162 id
880 1106 960 1183 quod
981 1105 1118 1180 inprimis
1139 1106 1319 1166 Carneadem

240 1227 381 1288 quaerere
397 1205 517 1266 solitum
532 1224 595 1265 esse
610 1209 745 1266 testatur.
777 1207 841 1264 Iam
856 1205 905 1265 hic
920 1205 1009 1266 huius
1024 1205 1200 1282 discipulum
1219 1215 1319 1268 aucto·

162 1350 168 1360 .
203 1355 206 1376 .
239 1330 302 1370 rem
327 1310 420 1369 fuisse
443 1308 578 1368 Ciceroni
600 1309 817 1382 cognoscimus,
847 1308 898 1386 qui
921 1307 1010 1374 etiam
1038 1308 1104 1366 aliis
1125 1309 1319 1384 scriptionum

239 1411 485 1488 philosophorum
511 1410 584 1469 locis
611 1410 780 1469 Carneadea
805 1409 848 1470 ita
862 1409 1037 1493 ¹expromit,
1065 1414 1100 1470 ut
1128 1411 1220 1483 dicat,
1249 1412 1319 1470 Car·

239 1514 363 1572 neadem
385 1513 546 1572 solitum
568 1531 651 1572 esse
672 1511 786 1591 aliquid
809 1512 905 1570 dicere
927 1512 977 1572 vel
998 1530 1156 1589 quaerere,
1178 1513 1261 1573 etin
1283 1532 1319 1572 ea

239 1634 272 1674 re
294 1620 346 1674 aut
359 1614 411 1673 illo
433 1616 525 1676 verbo
548 1614 613 1690 ipso
629 1614 724 1674 utitur
738 1619 789 1673 aut
805 1613 891 1672 aliter
907 1613 970 1672 eius
987 1614 1124 1673 vocabuli
1139 1602 1318 1676 sententiam

240 1716 396 1792 significat.
439 1716 556 1776 Testem
577 1720 676 1774 autem
705 1719 735 1774 et
755 1715 908 1774 relationis
931 1733 1000 1774 suae
1029 1721 1179 1776 auctorem
1204 1719 1319 1778 iamin

239 1817 278 1877 iis
292 1817 384 1891 libris,
408 1819 460 1896 qui
474 1838 535 1876 non
551 1818 705 1877 continent
719 1816 959 1876 Academicorum
974 1817 1113 1890 rationes,
1135 1837 1207 1877 raro·
1215 1819 1317 1880 Cicero

142 1903 144 1908 ’
240 1918 379 1995 appellat,
400 1920 485 1994 velut
499 1919 583 1980 Tusc.
601 1920 658 1992 III,
684 1924 738 1990 59;
761 1921 796 1977 de
818 1919 869 1977 fin.
890 1919 925 1992 V,
951 1924 1005 1990 163
1029 1919 1117 1979 etiam
1139 1923 1243 1997 rarius,
1265 1926 1318 1985 ubi

242 2022 278 2096 de
298 2021 446 2080 Carneade
469 2021 581 2100 aliquid
603 2021 717 2097 profert
738 2021 770 2078 in
790 2021 828 2079 iis
849 2021 950 2102 libris,
965 2021 997 2080 in
1012 2021 1121 2099 quibus
1144 2041 1210 2082 eum
1228 2025 1318 2086 Clito-

240 2123 376 2184 maohum
399 2129 531 2182 secutum
546 2142 610 2182 esse
626 2129 738 2182 certum
758 2127 818 2192 est;
842 2123 925 2182 cuius
940 2123 1058 2200 quidem
1072 2144 1181 2184 nomen
1197 2128 1317 2188 omnino

240 2245 302 2284 non
318 2230 416 2285 exstat
429 2225 462 2284 in
475 2225 494 2286 l.
512 2226 562 2284 III
577 2227 612 2284 de
629 2230 689 2284 nat.
705 2226 784 2284 deor.
806 2224 856 2301 (of.
872 2223 1065 2284 Schoemann.
1082 2227 1126 2284 ed.
1146 2227 1186 2300 II,
1209 2249 1238 2304 p.
1256 2230 1316 2307 lo),

239 2327 342 2404 paucis
362 2327 435 2386 locis
455 2327 487 2384 in
510 2326 602 2386 altera
623 2334 707 2403 parte
728 2328 747 2385 1.
764 2329 797 2385 II
817 2331 869 2386 Ac.
890 2327 962 2403 pri.;
984 2347 1044 2385 uno
1065 2327 1131 2388 loeo
1153 2329 1262 2405 legitur
1283 2331 1317 2392 in

242 2428 395 2488 alterode
416 2429 473 2488 div.
495 2428 588 2502 libro,
611 2431 646 2487 de
670 2449 729 2508 quo
751 2431 874 2504 posthac
896 2429 1035 2488 dicemus.
1056 2463 1099 2474 -

329 2529 539 2594 Quaestionem
554 2530 644 2603 illam,
664 2550 788 2610 quarum
802 2550 901 2590 rerum
918 2531 1062 2591 divinatio
1080 2537 1165 2606 esset,
1188 2540 1318 2597 tractans

242 2634 344 2692 Cicero
374 2633 586 2706 reminiscitur,
620 2634 905 2708 argumentationem
935 2653 1016 2692 suam
1047 2653 1108 2692 non
1138 2639 1318 2711 respondere

245 2736 372 2794 orationi
392 2735 501 2808 fratris,
524 2735 576 2814 qui
598 2735 718 2815 quidem
735 2741 820 2796 cauta
842 2735 1034 2796 divinationis
1055 2736 1227 2797 definitione
1248 2760 1319 2800 usus

244 2837 284 2894 sit
313 2854 437 2912 eamque
466 2837 577 2896 dixerit
605 2857 705 2897 earum
733 2857 832 2896 rerum
861 2839 1093 2919 praedictionem
1122 2845 1152 2899 et
1180 2860 1318 2915 praesen-

243 2936 367 3008 sionem,
388 2955 464 3013 quae
486 2939 815 3012 essentfortuitce(11‚
841 2939 900 3014 13).
944 2942 1085 2996 Attamen
1106 2940 1137 2996 id
1153 2959 1193 2997 ne
1213 2961 1317 3002 verum

243 3039 363 3118 quidem
388 3043 440 3110 est,
463 3043 542 3096 certe
562 3057 623 3096 non
647 3041 814 3098 accuratum
821 3058 829 3108 ;
851 3057 920 3096 nam
943 3037 1072 3101 Quintus
1092 3040 1181 3098 etiam
1202 3043 1317 3104 cautius
1425 3036 1427 3042 ¹

242 3141 455 3202 divinationem
473 3139 589 3198 dixerat
602 3139 833 3215 praedictionem
850 3145 939 3218 atque
955 3140 1193 3216 praesensionem
1214 3162 1316 3204 aarum

228 3247 348 3316 ‘rerum
371 3262 446 3322 quae
464 3246 640 3318 putarentur
660 3242 800 3302 fortuitae
823 3241 859 3320 (Ι,
883 3243 924 3320 9).
967 3243 1050 3304 Haec
1070 3244 1204 3304 definitio
1221 3247 1315 3306 mani-

241 3347 317 3406 festo
334 3347 378 3405 ita
394 3345 562 3420 excogitata
576 3349 628 3417 est,
651 3349 685 3403 ut
702 3346 907 3404 emendaretur
929 3363 970 3418 ea,
994 3366 1081 3424 quam
1100 3348 1202 3406 fratris
1222 3349 1315 3408 fuisse

240 3447 315 3506 falso
331 3447 432 3506 Cicero
451 3447 612 3506 contendit.
656 3445 803 3508 Quoniam
821 3450 919 3504 autem
937 3446 1210 3522 demonstravimus,
1231 3448 1314 3508 illam

238 3548 272 3606 in
300 3547 376 3607 libro
406 3550 504 3622 priore
532 3547 713 3622 propositam
741 3545 926 3604 referendam
956 3564 1019 3604 esse
1048 3550 1083 3607 ad
1111 3551 1312 3624 Posidonium,

238 3653 328 3728 atque
350 3648 466 3721 scimus,
488 3648 688 3725 aChrysippo
709 3647 923 3708 divinationem
944 3647 1030 3708 aliter
1048 3649 1199 3708 definitam
1220 3653 1313 3712 fuisse

239 3750 288 3828 (ef.
309 3770 337 3826 p.
356 3749 401 3826 7),
428 3750 488 3824 iam
504 3750 713 3829 consequitur,
736 3745 803 3808 oum
820 3750 1028 3818 Academicum
1051 3749 1205 3824 Graecum,
1230 3753 1314 3814 euius
1414 3749 1421 3764 “

237 3851 314 3912 libro
331 3853 364 3910 in
378 3853 434 3912 hac
451 3852 620 3928 scriptionis
643 3856 728 3928 parte
744 3853 846 3912 Cicero
860 3873 930 3911 usus
945 3857 998 3925 est,
1019 3853 1149 3912 refutare
1164 3855 1314 3914 studuisse
1341 3869 1344 3874 ·

237 3955 359 4028 Stoicos,
383 3947 435 4034 qiri
451 3961 520 4031 post
536 3955 733 4032 Chrysippum
755 3961 785 4015 et
801 3960 869 4015 ante
885 3956 1059 4015 Panaetium
1073 3956 1193 4014 fuerunt
1214 3961 1312 4016 sectae

236 4075 306 4116 suae
327 4056 486 4134 principes.
528 4059 605 4116 Nam
622 4058 797 4117 Panaetium
819 4077 885 4116 cum
904 4059 940 4116 de
958 4058 1140 4120 divinatione
1161 4057 1310 4119 dubitasse

236 4159 375 4233 sciamus,
404 4179 465 4218 non
492 4163 537 4219 est
557 4159 621 4220 veri
643 4159 752 4232 simile,
782 4177 848 4216 eum
869 4160 1058 4234 proposuisse
1083 4160 1234 4235 propriam
1257 4160 1310 4218 ali-

199 4327 202 4334 ,
236 4277 323 4336 quam
354 4261 558 4338 divinationis
576 4261 793 4332 definitionem
825 4261 1008 4322 Posidonius.
1030 4265 1129 4322 autem
1158 4261 1222 4321 eius
1249 4263 1308 4322 fuit
