3106 5018
252 1166 325 1226 Cum
342 1163 595 1242 circumspicerem
612 1164 828 1226 dissertationis
847 1139 1061 1242 arpu‘mentum,
1082 1167 1166 1230 cuius
1183 1174 1242 1230 tra·

165 1267 255 1328 ctatio
279 1286 376 1346 neque
398 1265 515 1325 inutiiis
539 1269 617 1326 esset
634 1271 665 1326 ct
687 1271 757 1344 apta
780 1267 993 1328 viribus'meis
1015 1273 1105 1348 atque
1126 1270 1242 1345 studiis,

165 1370 368 1450 quaestionem
384 1367 461 1442 elegi
478 1369 514 1427 de
536 1368 668 1427 fontibus
685 1368 829 1428 librorum
847 1369 1050 1430 Tullianorum
1071 1373 1107 1430 de
1126 1371 1243 1432 divina·

163 1471 254 1532 tione.
297 1471 404 1530 Huius.
419 1469 536 1544 generis
557 1469 809 1546 disputationibus
832 1490 892 1532 non
917 1473 1012 1534 solum
1032 1472 1183 1533 Ciceronis
1205 1472 1243 1532 li·

162 1575 231 1634 bros
249 1572 415 1633 accuratius
438 1572 655 1646 cognoscimus,
686 1573 915 1650 perspicientes,
939 1575 1011 1653 quid
1034 1575 1100 1652 ipse
1118 1575 1243 1636 invene·

162 1677 219 1750 rit,
248 1677 321 1756 quid
342 1677 379 1734 ab
398 1675 465 1734 aliis
484 1674 655 1751 sumpserit,
685 1695 803 1754 quaque
826 1677 883 1736 hoo
905 1677 1012 1738 fecerit
1033 1677 1162 1750 ratione,
1189 1677 1242 1736 aad

160 1779 252 1864 *etam
267 1779 304 1838 ad
323 1777 567 1855 philosophorum
587 1777 765 1838 Graecorum
785 1770 984 1854 cognitionem
1006 1779 1112 1840 afferre
1128 1777 1244 1858 aliquid

162 1901 331 1960 possumus,
359 1900 425 1940 cum
443 1882 692 1952 demonstramus,
714 1898 858 1958 quaenam
876 1880 1020 1940 librorum
1038 1881 1242 1941 Tullianorum

163 1988 263 2062 partes
281 1985 421 2062 adquam
440 1981 652 2058 philosophum
666 1980 728 2040 sint
741 1983 922 2042 referendae.
965 1983 1032 2043 Hoc
1050 1985 1129 2064 quod
1144 1987 1243 2060 poste-

161 2085 240 2144 riore
266 2084 330 2144 loco
354 2082 455 2160 posui,
485 2082 563 2142 tanti
587 2101 648 2142 non
674 2087 764 2156 esset,
796 2082 823 2142 si
847 2083 1091 2160 philosophorum
1114 2085 1242 2160 illorum,

162 2209 286 2268 quorum
309 2185 428 2262 scriptis
452 2183 553 2244 Cicero
577 2203 647 2244 usus
672 2189 732 2258 cst,
762 2184 832 2244 libri
856 2189 1058 2262 superessent,
1087 2186 1120 2246 id
1141 2189 1241 2246 ant'em

159 2295 277 2369 praeter
295 2288 448 2347 Timaeum
471 2285 658 2346 Platonicum
681 2290 797 2346 tantum
816 2286 984 2346 Philodcmi
1002 2287 1143 2364 Epicurei
1162 2287 1240 2348 libro

161 2388 229 2470 περὶ
253 2383 402 2466 εὐσεβείας
423 2388 607 2448 Herculanei
627 2393 745 2465 reperto
769 2409 803 2449 ac
825 2408 862 2448 ne
888 2389 958 2448 huic
983 2389 1102 2468 quidem
1122 2391 1239 2466 integro

161 2493 284 2567 accidit,
307 2511 395 2570 quem
412 2490 514 2550 dicero
532 2489 565 2550 in
582 2491 658 2550 libro
675 2491 771 2568 primo
787 2492 825 2550 de
843 2493 965 2551 deorum
981 2497 1089 2551 natura
1105 2493 1176 2570 (10,
1199 2497 1238 2552 25

161 2601 268 2668 -15,
292 2594 345 2671 41)
366 2592 524 2669 excerpsit.
568 2591 654 2655 Quod
671 2612 743 2653 vcro
764 2593 845 2666 dioo,
867 2592 1037 2652 huiusmodi
1056 2593 1241 2673 disquisitio·

161 2699 250 2758 nibus
272 2695 380 2756 melius
404 2693 542 2771 cognosci
558 2694 717 2768 rationem,
740 2715 798 2774 qua
814 2695 915 2755 Cicero
937 2695 1029 2754 libros
1049 2695 1241 2773 philosopho·

165 2817 231 2857 rum
253 2797 430 2856 Graecorum
452 2797 635 2871 adhibuerit,
656 2797 717 2856 iam
741 2799 821 2857 inter
845 2817 946 2857 omnes
968 2801 1095 2872 constat,
1117 2818 1184 2859 eum
1206 2798 1240 2858 in

163 2897 337 2958 universum
353 2897 479 2972 singuiis
494 2918 615 2974 operum
631 2918 750 2958 suorum
763 2899 849 2957 libris
865 2899 982 2982 singula
994 2899 1113 2958 illorum
1129 2900 1241 2977 scripta

163 2999 332 3076 exprimere
349 2998 470 3059 solitum
489 3017 574 3072 esse3·
589 2999 622 3057 id
641 2998 730 3056 etiam
748 2999 780 3057 in
804 2999 889 3057 libris
910 3001 946 3058 de
965 2981 1149 3060 divinatione
1172 3020 1239 3060 eum

162 3103 268 3162 fecisse
286 3101 458 3180 quaestione
473 3104 573 3160 nostra
588 3100 741 3160 efficietur.
786 3100 868 3164 Quae
884 3103 1043 3161 secundum
1061 3103 1133 3162 dnos
1146 3101 1238 3163 libros

160 3223 214 3282 per
236 3224 267 3266 se
288 3204 321 3263 in
342 3205 415 3264 duas
435 3206 535 3280 partes
557 3202 710 3264 dividitur.

399 3437 424 3514 Ι.
477 3437 528 3515 lie
555 3437 717 3515 sentitus
742 3437 827 3515 libri
852 3435 996 3538 prieris.

191 3631 194 3638 ·
246 3611 406 3672 Videamus
433 3612 576 3688 primum,
606 3632 730 3691 quorum
753 3612 996 3688 philosophorum
1021 3617 1129 3673 sectam
1154 3633 1236 3677 seou÷

160 3720 208 3777 tus
235 3713 336 3773 Cicero
362 3713 439 3773 libro
472 3713 570 3796 priore
596 3713 809 3774 divinationem
835 3712 1008 3774 defenderit.
1058 3715 1117 3775 Eos
1143 3715 1234 3774 fuisse

158 3816 272 3878 Stoicos
293 3835 359 3875 cum
377 3833 415 3874 ex
428 3814 568 3876 universa
583 3816 671 3876 huius
686 3815 758 3875 iibri
773 3816 972 3892 disputatione
989 3820 1052 3878 tum
1070 3835 1109 3876 ex
1125 3815 1235 3877 diserto

160 3917 309 3978 Ciceronis
340 3916 511 3978 testimonio
544 3923 682 3994 apparet,
722 3916 775 3998 qui
806 3917 926 3998 quidem
958 3918 990 3977 in
1016 3919 1039 3978 l.
1066 3920 1112 3992 II,
1146 3925 1181 3992 3,
1214 3925 1231 3978 8
1333 3907 1342 3928 ’

159 4019 271 4084 Quinto
302 4019 402 4093 iratri,
439 4038 526 4098 quem
552 4019 572 4077 i.
597 4020 613 4078 1
642 4019 841 4097 disputantem
874 4020 1002 4094 inducit,
1038 4021 1110 4080 haec
1139 4021 1233 4082 dicat:

157 4125 310 4195 „aoeurate
333 4127 367 4182 tu
392 4120 526 4200 quidem,
548 4119 675 4196 Quinte,
704 4126 735 4182 et
749 4122 847 4182 Stoice
867 4122 1031 4184 Stoicorum
1056 4123 1234 4196 sententiam

157 4223 348 4284 defendisti.“
389 4224 495 4304 Itaque
520 4223 579 4284 iam
603 4224 815 4304 inquirendum
843 4229 903 4300 est,
931 4225 1051 4305 quinam
1068 4224 1232 4286 Stoicorum

1010 4333 1022 4384 1
