3106 5018
728 401 770 466 25

212 561 243 619 et
263 557 457 620 affirmatores
480 557 672 619 divinationis
694 575 733 617 ex
755 555 876 616 somniis
897 556 1082 633 probandae,
1112 577 1184 616 num
1208 557 1287 616 idem
1346 580 1349 586 ·

210 661 302 720 fuerit
322 664 412 740 atque
434 659 650 736 Peripateticus
678 677 696 716 a
717 658 858 718 Cicerone
879 657 1031 746 laudatus,
1061 679 1122 718 non
1143 661 1287 720 videmus.

297 760 409 824 Quinta
429 761 521 836 igitur
542 759 752 836 disputationis
766 753 857 837 ‘parte
872 760 982 833 Cicero,
1005 764 1039 820 ut
1061 761 1132 834 dixi,
1154 763 1285 824 rationes

174 864 176 868 ’
211 862 342 938 explicat
372 863 572 923 divinationis.
616 862 706 921 Cuius
732 867 891 942 utrumque
919 867 1013 937 genus
1033 862 1161 939 primum
1188 883 1206 922 a
1231 867 1285 925 deo

210 965 321 1040 repetit
343 964 370 1042 (ξ
388 962 576 1039 109-124).
619 963 684 1022 Iam
701 965 775 1022 haec
789 965 946 1023 referenda
962 982 1027 1024 esse
1041 967 1078 1023 a'd
1094 965 1287 1026 Posidonium

212 1073 347 1142 apertum
370 1067 405 1126 fit
429 1087 468 1126 cx
493 1065 540 1124 his
566 1065 675 1147 causis:
704 1064 945 1140 §reelegimus
973 1066 1132 1146 „quocirca
1158 1067 1287 1144 primum

212 1167 286 1225 mihi
306 1167 432 1241 videtur,
454 1171 488 1227 ut
508 1167 686 1227 Posidonius
707 1167 787 1239 facit,
810 1185 827 1224 a
849 1168 920 1240 dec,
942 1169 978 1226 de
1000 1187 1059 1246 qno
1082 1169 1153 1229 satis
1176 1169 1287 1230 dictum
1344 1187 1347 1193 ·

212 1272 272 1342 est,
295 1303 338 1314 -
359 1303 401 1314 -
421 1269 468 1330 vis
491 1270 586 1329 omnis
608 1269 762 1330 divinandi
782 1268 919 1348 ratioque
940 1269 1128 1345 repetendn“.
1172 1271 1288 1328 Deinde

213 1389 289 1450 qnae
310 1373 326 1445 ς
346 1376 405 1430 118
426 1371 525 1431 Stoice
546 1375 745 1448 exponuntur,
766 1371 837 1430 1.ΙΙ
858 1373 928 1444 §35
951 1371 1121 1430 referuntur
1139 1373 1176 1430 ad
1193 1373 1287 1448 Chry·

212 1477 346 1551 sippum,
367 1474 573 1550 Antipatrum,
603 1473 804 1532 Posidonium.
848 1474 895 1531 Ne
916 1473 967 1532 hio
988 1473 1108 1552 quidem
1130 1474 1288 1553 quisquam

213 1577 359 1648 censebit,
383 1577 554 1636 Ciceronem
571 1577 676 1634 horum
691 1574 927 1659 omniumlibros
942 1575 1115 1647 contrnlisse;
1140 1577 1191 1635 sed
1207 1582 1287 1636 certo

211 1677 311 1752 ultimi
330 1682 447 1737 tantum
468 1677 685 1756 expositionem
706 1676 788 1752 legit,
809 1676 941 1756 reliquos
963 1677 1036 1758 duos
1058 1677 1222 1753 appellatos
1242 1677 1287 1736 in·

213 1780 305 1853 venit,
326 1779 416 1858 idque
430 1799 492 1838 non
507 1780 585 1855 apud
600 1779 801 1851 Posidonium,
824 1779 876 1838 sed
892 1779 970 1854 apud
985 1797 1052 1836 eum
1069 1779 1287 1856 philosophum,

215 1902 302 1963 quem
324 1882 416 1941 altero
437 1881 514 1940 libro
538 1882 680 1960 sequitur.
725 1881 820 1961 tluod¹
834 1881 859 1939 si
881 1881 1007 1940 nonita
1028 1900 1059 1940 se
1080 1882 1212 1954 haberet,
1237 1901 1289 1940 eos

213 2005 275 2043 non
296 1984 329 2041 in
350 1984 442 2042 altero
461 1983 578 2041 demum
599 1982 676 2040 libro
699 1982 885 2058 appellasset,
908 1983 960 2041 sed
980 1983 1039 2040 iam
1061 1982 1093 2042 in
1115 1984 1222 2060 priore.
1245 2017 1288 2028 -

143 2090 147 2096 '
213 2086 351 2166 Denique
373 2085 506 2159 legentes
527 2080 705 2144 revocantur
727 2085 753 2159 (ξ
771 2084 844 2158 117)
870 2085 906 2141 ad
929 2084 1081 2143 Ciceronis
1105 2085 1229 2144 alterum
1253 2086 1288 2144 de

213 2191 274 2248 nat.
296 2179 374 2246 deor.
397 2187 520 2260 librum,
542 2185 575 2244 in
598 2205 656 2266 quc
679 2205 747 2244 eum
768 2185 960 2244 Posidonium
983 2192 1115 2246 secutum
1138 2206 1202 2246 esse
1223 2187 1288 2248 veri

214 2294 260 2350 est
289 2288 470 2348 simillimum
500 2288 550 2365 (cf.
572 2288 766 2348 Schoemann.
789 2289 833 2347 ed.
852 2294 879 2346 2.
902 2307 930 2363 p.
952 2289 1013 2366 15).
1061 2291 1099 2348 In
1127 2289 1290 2365 repetenda

97 2425 99 2429 ·
215 2391 398 2452 divinatione
420 2410 438 2448 a
458 2393 520 2451 fato
550 2394 581 2449 et
601 2409 619 2447 a
640 2381 747 2450 naturai
768 2390 868 2450 Cicero
896 2389 961 2466 ipse
982 2393 1075 2465 §125
1096 2391 1289 2450 Posidonium

215 2511 247 2552 se
269 2494 354 2572 sequi
375 2496 510 2552 testetur.

198 2581 201 2590 ¹
299 2597 364 2654 Iam
386 2598 416 2654 et
437 2613 478 2652 ex
497 2593 989 2654 nniversatotiuslibriTulliani
1011 2593 1171 2668 partitione
1193 2594 1290 2653 —in
1349 2575 1423 2642 Ψ)

216 2697 349 2776 quinque
376 2697 456 2754 enim
482 2700 597 2771 partes,
625 2699 660 2754 nt
685 2695 829 2768 vidimus,
858 2695 999 2754 continua
1026 2695 1187 2772 disputatio
1214 2695 1290 2756 divi·

216 2797 296 2854 ditur
308 2827 352 2840 —
369 2801 460 2856 etex
481 2797 606 2872 singolis
619 2798 763 2873 vestigiis,
787 2797 895 2877 quibus
908 2797 1102 2857 Posidonium
1116 2817 1134 2856 a
1149 2799 1291 2858 Cicerone

210 2877 381 2955 'adhibitum
403 2917 466 2956 esse
488 2903 620 2972 apparet,
643 2899 778 2971 efficitur,
801 2899 951 2957 Ciceronis
972 2899 1081 2957 librum
1102 2900 1231 2974 priorem
1254 2900 1290 2958 de

216 2997 399 3060 divinatione
420 2999 554 3072 exceptis
575 2998 775 3073 compluribus
789 2999 940 3074 exemplis
962 3003 993 3058 ct
1013 2999 1059 3071 iis,
1083 3019 1158 3078 quae
1180 3018 1290 3058 memo-

215 3101 289 3162 riter
316 3099 444 3176 profert,
473 3101 510 3158 ab
540 3118 574 3157 eo
603 3099 797 3174 compositum
825 3119 889 3158 csse
917 3101 1111 3176 excerpendis
1137 3100 1291 3160 Posidonii
1332 3140 1363 3181 ,s
1399 3117 1424 3158 o

216 3199 284 3282 περὶ
311 3201 454 3278 μαντικῆς
479 3200 564 3262 libris
590 3201 725 3280 quinque·
752 3201 800 3280 (of.
822 3221 850 3278 p.
871 3203 911 3281 5).
964 3202 1096 3268 Quorum
1123 3204 1155 3263 in
1184 3202 1290 3280 primo,

1536 2577 1545 2614 4

216 3309 251 3366 ut
272 3325 311 3364 ex
331 3304 384 3378 iis,
415 3323 490 3383 quae
519 3305 555 3362 de
576 3303 715 3383 ,quinque
745 3305 953 3381 disputationis
976 3307 1130 3366 Tullianae
1157 3306 1292 3384 partibus

201 3406 355 3480 ¹disserui,
385 3410 522 3482 apparet,
552 3405 730 3465 Posidonius
757 3406 970 3467 divinationem
991 3409 1129 3467 universe
1150 3407 1291 3481 defendit,
1414 3469 1416 3474 ,

217 3509 310 3568 altero
340 3507 568 3580 demonstravit,
597 3506 811 3567 divinationem
839 3507 1027 3567 artificiosam
1057 3529 1089 3568 re
1117 3529 1190 3570 vera
1218 3528 1290 3582 esse,

132 3673 133 3676 ,
181 3617 184 3624 ’
217 3611 306 3670 tertio
327 3609 406 3668 idem
429 3611 466 3666 de
487 3628 530 3682 ea,
553 3623 629 3688 quae
651 3612 714 3667 arte
736 3613 823 3682 emet,
847 3614 952 3687 quarto
976 3611 1083 3689 quibus
1104 3612 1193 3670 rebus
1215 3610 1290 3671 divi·-

217 3710 299 3772 natio
322 3711 526 3784 confirmetur,
549 3711 671 3790 quinto,
694 3729 770 3790 quae
792 3710 856 3770 cius
877 3712 917 3771 sit
936 3711 1012 3772 ratio

653 3983 857 3995 ..----ψ--
