3106 5018
712 411 752 475 15

274 566 347 644 §87
372 564 473 625 Cicero
499 564 607 626 transit
623 565 662 624 ad
686 583 793 626 novam
811 563 882 624 libri
901 564 948 623 sui
970 567 1098 641 partem,
1130 585 1205 644 quae
1222 570 1267 626 to-

188 671 248 730 tius
269 666 494 744 disputationis,
516 685 605 746 quam
622 665 756 726 continet
772 665 849 725 liber
871 666 966 742 prior,
988 665 1078 727 tertia
1094 673 1154 740 est;
1187 687 1268 728 acoe-

186 771 233 830 dit
250 770 330 830 enirn
347 770 385 828 ad
408 768 578 828 universam
605 765 800 827 divinationis
820 767 1037 841 defensionem,
1069 788 1145 848 quae
1163 770 1268 846 prima,

189 876 219 932 et
235 874 272 932 ad
288 871 520 946 disputationem
535 872 571 930 de
588 869 748 928 artificioso
764 868 920 929 divinandi
936 889 1060 944 genere,
1084 889 1159 950 quae
1175 873 1268 930 altera

187 991 258 1050 pars
283 976 328 1032 est
354 971 498 1050 cuiusque
521 971 610 1030 initio
631 975 767 1030 accurata
790 970 983 1032 divinationis
1002 971 1110 1031 divisio
1131 975 1269 1048 ponenda

188 1080 260 1135 erat.
303 1075 340 1132 In
358 1073 414 1132 hac
431 1071 561 1148 partium
579 1069 772 1131 distinctione
791 1072 1007 1148 expositionem
1022 1075 1063 1132 de
1078 1075 1269 1152 haruspicina

188 1175 389 1236 Romanorum
404 1179 441 1252 (c.
465 1174 615 1250 15-17)
634 1179 668 1233 ut
685 1177 848 1251 separatam
864 1178 978 1249 partem
995 1193 1056 1234 non
1072 1195 1270 1250 numeramus,
1390 1237 1393 1242 Α

191 1275 333 1360 quoniam
349 1247 404 1336 dle
417 1276 550 1356 reliquae
573 1275 768 1352 disputationi
791 1295 828 1334 ne
847 1275 925 1336 iusto
946 1277 1066 1356 quidem
1083 1278 1147 1338 loco
1168 1297 1271 1354 supcr-

188 1380 290 1441 addita
305 1384 352 1439 eat
370 1383 401 1437 et
419 1397 458 1438 ex
476 1377 627 1437 Ciceronis
644 1377 739 1454 ipsius
757 1377 879 1453 ingenio
898 1377 1020 1454 scripta,
1050 1397 1111 1438 non
1134 1379 1269 1438 adhibito
1304 1411 1308 1418 ·

187 1483 271 1542 fonte
295 1481 419 1552 Graeco,
451 1481 503 1538 sed
527 1479 632 1539 ordine
657 1479 721 1538 eiua
741 1479 918 1556 interrupto.
940 1512 983 1524 -
1003 1482 1042 1538 In
1066 1480 1270 1554 teatiaigitor

187 1586 243 1644 lrac
268 1591 353 1661 parte
380 1585 487 1642 tractat
513 1583 648 1642 naturale
674 1581 869 1640 divinationis
893 1601 987 1656 genus
1010 1581 1044 1640 in
1071 1581 1270 1641 divisionibus

189 1703 307 1764 quoque
324 1683 354 1762 (ς
378 1689 415 1742 la
435 1687 466 1742 et
483 1684 536 1760 34)
555 1683 647 1742 altero
668 1682 732 1744 loco
750 1683 895 1759 positum,
924 1685 960 1742 ad
985 1685 1064 1762 quod
1086 1702 1117 1742 ae
1142 1685 1269 1744 transire

188 1790 329 1846 adnotare
347 1803 408 1846 non
426 1785 542 1857 omisit;
564 1783 637 1844 dicit
654 1783 734 1842 enim
753 1783 782 1863 (5
800 1786 840 1843 at
858 1784 930 1862 iu.):
953 1805 1040 1860 „aga
1062 1785 1181 1846 barbari
1197 1785 1269 1845 vani

186 1894 279 1967 atque
295 1888 432 1960 fallacem
454 1886 633 1968 nemetiam
648 1885 804 1946 Graiorum
823 1885 948 1946 historie
964 1887 1090 1947 mentita
1106 1885 1171 1946 est?
1193 1906 1269 1965 ques

188 1991 295 2051 Croeso
313 1989 439 2068 Pythius
454 1989 578 2065 Apollo,
606 1998 639 2045 at
660 1989 695 2046 ds
714 1989 846 2046 naturali
862 1989 1039 2048 divinatione
1055 1990 1167 2060 dicam,
1193 2008 1269 2067 quae

189 2092 423 2152 Atheniensibus
431 2097 458 2164 ,“
487 2095 542 2150 aet.
569 2090 728 2149 Pertinent
747 2090 793 2148 'ad
819 2109 882 2148 eam
910 2091 1070 2166 praecipue
1095 2093 1215 2150 oracula
1239 2095 1271 2151 et

189 2193 311 2254 somnia.
332 2205 334 2209 ’
354 2193 400 2252 De
424 2193 485 2252 illis
508 2192 639 2252 breviter
657 2191 759 2251 Cicero
777 2191 853 2266 agit,
880 2212 948 2251 cum
964 2193 1167 2268 exemplorum
1183 2193 1270 2269 copia

189 2297 226 2356 ad
245 2295 405 2373 Chrysippi
422 2297 459 2354 de
485 2294 613 2354 craculis
631 2293 740 2354 librum
756 2295 881 2355 lectores
902 2295 1057 2354 remittens
1073 2294 1221 2357 abstinere
1238 2315 1269 2354 se

192 2417 278 2474 posse
296 2402 390 2474 putet.
430 2397 491 2456 eso
508 2395 541 2456 in
559 2415 595 2456 eo
617 2415 735 2476 quoque
760 2417 818 2476 quo
840 2397 935 2457 utitur
952 2397 1029 2456 libro
1047 2395 1159 2456 Graeco
1176 2397 1269 2456 inisse

190 2501 373 2560 oraculorum
399 2501 552 2575 exempla,
582 2499 653 2558 inde
683 2500 858 2558 concludere
882 2517 1052 2575 possumus,
1089 2501 1167 2576 quod
1196 2498 1270 2558 certi

188 2607 400 2662 enumerantur
424 2601 543 2678 populi,
574 2600 682 2680 quibus
699 2587 826 2677 Pythius
848 2601 955 2676 Apollo
979 2620 1121 2676 responsa
1145 2599 1268 2658 dederit.

191 2701 273 2765 Quos
289 2704 460 2763 Ciceronem
482 2723 544 2763 non
569 2723 607 2762 ex
630 2723 682 2762 sus
701 2707 817 2762 tautum
837 2721 935 2764 rerum
952 2703 1127 2764 Graecarum
1144 2701 1269 2762 scientia

191 2822 377 2864 enumerasse
400 2805 465 2865 veri
485 2805 648 2875 simileest
665 2810 786 2881 propter
805 2797 1110 2864 commemordtionem
1128 2803 1271 2880 Tegeata-

191 2923 273 2978 rum,
294 2907 491 2981 Argivorum,
513 2907 747 2979 Corinthiorum,
769 2907 876 2984 quibus
893 2907 963 2986 quid
984 2906 1092 2983 Apollo
1109 2906 1270 2980 responde-

190 3007 232 3067 rit
256 3026 317 3067 non
338 3011 398 3068 tam
422 3011 614 3084 pervagatum
638 3011 716 3080 erat,
747 3027 836 3086 quam
854 3007 998 3067 nonnulla
1020 3006 1137 3066 oracula
1154 3005 1269 3078 Croeso,

190 3109 442 3182 Atheniensibus,
475 3108 716 3168 Lacedaemoniis
742 3107 830 3169 edita.
881 3110 1017 3170 Ceterum
1044 3107 1171 3168 oraculis
1196 3125 1269 3186 quo·

189 3231 250 3290 que
272 3211 395 3288 propria
416 3211 549 3270 defensio
568 3210 736 3286 explicetur
755 3209 771 3288 5
790 3211 828 3270 37
853 3210 923 3271 inda
947 3209 1096 3270 averbis:
1124 3210 1268 3283 „defendo

189 3331 283 3372 unum
304 3316 378 3374 hoe“
400 3317 431 3374 et
452 3333 480 3393 q.
499 3333 521 3374 a.
544 3318 575 3372 et
597 3313 613 3392 5
633 3319 682 3372 38.
793 3344 799 3372 ·.

274 3415 458 3490 aggreditur
479 3414 586 3474 deinde
604 3415 705 3474 Cicero
726 3416 763 3472 ad
782 3413 896 3480 somnia
912 3411 940 3490 (ξ
961 3417 1000 3470 39
1018 3413 1112 3492 sqq.>,
1144 3395 1269 3492 quorum

190 3534 330 3588 magnum
352 3535 507 3575 numerum
529 3519 647 3574 enarrat
662 3513 837 3590 improbatis
855 3512 1016 3590 Chrysippi
1039 3515 1075 3574 de
1093 3516 1216 3576 somniis
1239 3521 1269 3576 et

190 3616 346 3692 Antipatri
369 3617 405 3675 de
422 3615 608 3676 divinatione
629 3615 724 3674 libris.
766 3615 833 3676 Duo
859 3621 928 3674 sunt
952 3617 1155 3692 exemplorum
1177 3619 1214 3676 ab
1233 3635 1268 3676 eo

191 3722 434 3796 expromptomm
451 3736 574 3794 genera3
596 3722 648 3778 aut
669 3717 749 3778 enim
765 3719 803 3777 ad
818 3737 865 3778 res
882 3719 1030 3778 Romanas
1048 3717 1202 3793 pertinent
1216 3724 1270 3776 aut

190 3824 228 3882 ad
250 3823 368 3882 exteras
388 3820 536 3880 nationes.
580 3819 668 3881 Illius
691 3821 808 3897 generis
832 3821 969 3897 exempla
991 3839 1097 3896 magna
1120 3838 1159 3878 ex
1183 3824 1267 3896 parta

190 3923 221 4004 (ᾖ
241 3929 298 3997 48,
320 3929 377 3997 49,
402 3929 457 3998 55,
481 3929 536 3996 563
558 3928 711 4002 praeterea
732 3921 821 4004 5⁷⁷,
845 3925 898 4000 78)
920 3925 957 3982 ad
983 3921 1113 3982 Caelium
1134 3923 1268 3982 referun-

190 4030 247 4087 tur.
290 4027 431 4086 Attamen
452 4025 552 4086 Cicero
575 4045 636 4085 non
651 4025 747 4104 ipsius
767 4025 859 4085 (laelii
882 4043 971 4102 opere
995 4043 1066 4086 usus
1083 4027 1137 4084 est.
1180 4023 1267 4098 Legi-

190 4128 355 4190 musenim
379 4127 412 4187 in
435 4127 524 4204 epist.
549 4129 586 4188 ad
606 4129 670 4188 Att.
689 4128 785 4199 XHI,
810 4133 844 4186 8:
867 4127 1035 4203 „epitomen
1053 4108 1139 4185 Bruti
1156 4125 1269 4187 Caelia-
1297 4201 1299 4207 Ι

191 4248 297 4289 norum
319 4229 410 4290 velim
433 4229 509 4289 mihi
531 4229 632 4290 mittas
651 4234 683 4290 ct
704 4250 723 4289 a
738 4229 905 4288 Philoxeno
924 4225 1092 4287 Παναιτίου
1109 4223 1176 4306 περὶ
1189 4246 1266 4304 προ-

191 4327 307 4398 νοίας.“
351 4333 417 4391 Hoc
430 4332 464 4392 in
481 4332 649 4392 Tusculano
663 4351 681 4390 a
695 4331 836 4392 Cicerone
849 4330 1051 4409 scriptumest
1063 4348 1163 4388 mense
1178 4328 1266 4386 Iunio
