<?xml version="1.0" encoding="UTF-8"?>
<!DOCTYPE html PUBLIC "-//W3C//DTD XHTML 1.0 Transitional//EN"
    "http://www.w3.org/TR/xhtml1/DTD/xhtml1-transitional.dtd">
<html xmlns="http://www.w3.org/1999/xhtml" xml:lang="en" lang="en">
 <head>
  <title>
</title>
<meta http-equiv="Content-Type" content="text/html;charset=utf-8" />
  <meta name='ocr-system' content='tesseract 3.04.00' />
  <meta name='ocr-capabilities' content='ocr_page ocr_carea ocr_par ocr_line ocrx_word'/>
</head>
<body>
  <div class='ocr_page' id='page_1' title='image "./defontibuslibro00schigoog_0020.png"; bbox 0 0 3106 5018; ppageno 0'>
   <div class='ocr_carea' id='block_1_1' title="bbox 193 419 1271 650">
    <p class='ocr_par' dir='ltr' id='par_1_1' title="bbox 193 419 1271 650">
     <span class='ocr_line' id='line_1_1' title="bbox 720 419 740 481; baseline 0 0"><span class='ocrx_word' id='word_1_1' title='bbox 720 419 740 481; x_wconf 88' lang='lat'><strong>9</strong></span> 
     </span>
     <span class='ocr_line' id='line_1_2' title="bbox 193 570 1271 650; baseline -0.002 -16"><span class='ocrx_word' id='word_1_2' title='bbox 193 574 269 633; x_wconf 91' lang='lat' dir='ltr'><strong>libro</strong></span> <span class='ocrx_word' id='word_1_3' title='bbox 285 573 318 632; x_wconf 87' lang='lat'><strong>11</strong></span> <span class='ocrx_word' id='word_1_4' title='bbox 333 571 363 650; x_wconf 65' lang='grc' dir='ltr'><strong>(ς</strong></span> <span class='ocrx_word' id='word_1_5' title='bbox 383 572 434 650; x_wconf 79' lang='grc'><strong>15)</strong></span> <span class='ocrx_word' id='word_1_6' title='bbox 450 571 617 632; x_wconf 77' lang='lat' dir='ltr'><strong>Stoioorum</strong></span> <span class='ocrx_word' id='word_1_7' title='bbox 635 570 800 631; x_wconf 90' lang='lat' dir='ltr'><strong>sententiae</strong></span> <span class='ocrx_word' id='word_1_8' title='bbox 818 571 975 648; x_wconf 58' lang='lat' dir='ltr'><strong>opponitz*</strong></span> <span class='ocrx_word' id='word_1_9' title='bbox 991 573 1146 647; x_wconf 87' lang='lat' dir='ltr'><strong>„potestne</strong></span> <span class='ocrx_word' id='word_1_10' title='bbox 1170 591 1271 632; x_wconf 87' lang='lat' dir='ltr'><strong>aarum</strong></span> 
     </span>
    </p>
   </div>
   <div class='ocr_carea' id='block_1_2' title="bbox 95 671 1272 752">
    <p class='ocr_par' dir='ltr' id='par_1_2' title="bbox 95 671 1272 752">
     <span class='ocr_line' id='line_1_3' title="bbox 95 671 1272 752; baseline -0.001 -18"><span class='ocrx_word' id='word_1_11' title='bbox 95 684 98 688; x_wconf 84' lang='grc'><strong>’</strong></span> <span class='ocrx_word' id='word_1_12' title='bbox 193 689 305 748; x_wconf 80' lang='lat' dir='ltr'><strong>rerum,</strong></span> <span class='ocrx_word' id='word_1_13' title='bbox 336 693 411 752; x_wconf 88' lang='lat' dir='ltr'><strong>quas</strong></span> <span class='ocrx_word' id='word_1_14' title='bbox 434 672 513 732; x_wconf 86' lang='lat' dir='ltr'><strong>nihil</strong></span> <span class='ocrx_word' id='word_1_15' title='bbox 536 675 649 734; x_wconf 88' lang='lat' dir='ltr'><strong>habent</strong></span> <span class='ocrx_word' id='word_1_16' title='bbox 664 672 803 746; x_wconf 89' lang='lat' dir='ltr'><strong>rationis,</strong></span> <span class='ocrx_word' id='word_1_17' title='bbox 836 691 895 752; x_wconf 86' lang='lat' dir='ltr'><strong>qua</strong></span> <span class='ocrx_word' id='word_1_18' title='bbox 918 674 1086 732; x_wconf 83' lang='lat' dir='ltr'><strong>refutares</strong></span> <span class='ocrx_word' id='word_1_19' title='bbox 1109 671 1185 745; x_wconf 89' lang='lat' dir='ltr'><strong>sint,</strong></span> <span class='ocrx_word' id='word_1_20' title='bbox 1208 691 1272 733; x_wconf 87' lang='lat' dir='ltr'><strong>esse</strong></span> 
     </span>
    </p>
   </div>
   <div class='ocr_carea' id='block_1_3' title="bbox 174 773 1319 4308">
    <p class='ocr_par' dir='ltr' id='par_1_3' title="bbox 183 773 1319 3592">
     <span class='ocr_line' id='line_1_4' title="bbox 192 773 1276 852; baseline -0.002 -18"><span class='ocrx_word' id='word_1_21' title='bbox 192 775 253 836; x_wconf 90' lang='lat' dir='ltr'><strong>nlla</strong></span> <span class='ocrx_word' id='word_1_22' title='bbox 266 775 435 852; x_wconf 83' lang='lat' dir='ltr'><strong>praesensio</strong></span> <span class='ocrx_word' id='word_1_23' title='bbox 444 773 474 832; x_wconf 85' lang='lat'><strong>?“</strong></span> <span class='ocrx_word' id='word_1_24' title='bbox 518 775 672 834; x_wconf 81' lang='lat' dir='ltr'><strong>Iudicatur</strong></span> <span class='ocrx_word' id='word_1_25' title='bbox 688 775 747 834; x_wconf 88' lang='lat' dir='ltr'><strong>iam</strong></span> <span class='ocrx_word' id='word_1_26' title='bbox 762 774 829 852; x_wconf 91' lang='lat' dir='ltr'><strong>ipsa</strong></span> <span class='ocrx_word' id='word_1_27' title='bbox 845 773 898 834; x_wconf 90' lang='lat' dir='ltr'><strong>illa</strong></span> <span class='ocrx_word' id='word_1_28' title='bbox 916 773 1104 848; x_wconf 86' lang='lat' dir='ltr'><strong>definitione,</strong></span> <span class='ocrx_word' id='word_1_29' title='bbox 1126 777 1276 834; x_wconf 75' lang='lat' dir='ltr'><strong>auctorem</strong></span> 
     </span>
     <span class='ocr_line' id='line_1_5' title="bbox 194 875 1275 952; baseline -0.004 -16"><span class='ocrx_word' id='word_1_30' title='bbox 194 875 259 936; x_wconf 89' lang='lat' dir='ltr'><strong>eius</strong></span> <span class='ocrx_word' id='word_1_31' title='bbox 279 877 358 936; x_wconf 85' lang='lat' dir='ltr'>nihil</span> <span class='ocrx_word' id='word_1_32' title='bbox 378 876 497 935; x_wconf 90' lang='lat' dir='ltr'><strong>omnino</strong></span> <span class='ocrx_word' id='word_1_33' title='bbox 520 876 677 935; x_wconf 84' lang='lat' dir='ltr'><strong>fortuitum</strong></span> <span class='ocrx_word' id='word_1_34' title='bbox 694 877 823 952; x_wconf 84' lang='lat' dir='ltr'><strong>putasse.</strong></span> <span class='ocrx_word' id='word_1_35' title='bbox 867 875 954 934; x_wconf 89' lang='lat' dir='ltr'><strong>Hane</strong></span> <span class='ocrx_word' id='word_1_36' title='bbox 978 879 1076 934; x_wconf 89' lang='lat' dir='ltr'><strong>antem</strong></span> <span class='ocrx_word' id='word_1_37' title='bbox 1097 875 1275 935; x_wconf 80' lang='lat' dir='ltr'><strong>sententiam</strong></span> 
     </span>
     <span class='ocr_line' id='line_1_6' title="bbox 193 975 1276 1038; baseline -0.006 1"><span class='ocrx_word' id='word_1_38' title='bbox 193 979 231 1038; x_wconf 83' lang='lat' dir='ltr'><strong>sd</strong></span> <span class='ocrx_word' id='word_1_39' title='bbox 257 977 473 1038; x_wconf 74' lang='lat' dir='ltr'><strong>defendendam</strong></span> <span class='ocrx_word' id='word_1_40' title='bbox 498 975 713 1036; x_wconf 84' lang='lat' dir='ltr'><strong>divinationem</strong></span> <span class='ocrx_word' id='word_1_41' title='bbox 734 996 755 1035; x_wconf 90' lang='lat' dir='ltr'><strong>a</strong></span> <span class='ocrx_word' id='word_1_42' title='bbox 771 975 932 1035; x_wconf 82' lang='lat' dir='ltr'><strong>Posidonio</strong></span> <span class='ocrx_word' id='word_1_43' title='bbox 954 976 1117 1036; x_wconf 87' lang='lat' dir='ltr'><strong>adhibitam</strong></span> <span class='ocrx_word' id='word_1_44' title='bbox 1143 995 1207 1035; x_wconf 90' lang='lat' dir='ltr'><strong>esse</strong></span> <span class='ocrx_word' id='word_1_45' title='bbox 1228 975 1276 1032; x_wconf 79' lang='lat' dir='ltr'><strong>ei-</strong></span> 
     </span>
     <span class='ocr_line' id='line_1_7' title="bbox 194 1077 1275 1156; baseline -0.002 -18"><span class='ocrx_word' id='word_1_46' title='bbox 194 1097 262 1138; x_wconf 89' lang='lat' dir='ltr'><strong>aero</strong></span> <span class='ocrx_word' id='word_1_47' title='bbox 279 1078 405 1155; x_wconf 85' lang='lat' dir='ltr'><strong>exponit</strong></span> <span class='ocrx_word' id='word_1_48' title='bbox 421 1079 475 1138; x_wconf 91' lang='lat' dir='ltr'><strong>sub</strong></span> <span class='ocrx_word' id='word_1_49' title='bbox 493 1078 583 1136; x_wconf 88' lang='lat' dir='ltr'><strong>finem</strong></span> <span class='ocrx_word' id='word_1_50' title='bbox 599 1078 670 1138; x_wconf 84' lang='lat' dir='ltr'><strong>libri</strong></span> <span class='ocrx_word' id='word_1_51' title='bbox 686 1081 702 1136; x_wconf 98' lang='grc' dir='ltr'>Ι</span> <span class='ocrx_word' id='word_1_52' title='bbox 719 1077 749 1156; x_wconf 66' lang='grc' dir='ltr'><strong>(ς</strong></span> <span class='ocrx_word' id='word_1_53' title='bbox 770 1083 845 1136; x_wconf 79' lang='lat'>125:</span> <span class='ocrx_word' id='word_1_54' title='bbox 876 1077 973 1152; x_wconf 85' lang='lat' dir='ltr'><strong>„nihil</strong></span> <span class='ocrx_word' id='word_1_55' title='bbox 989 1079 1173 1154; x_wconf 76' lang='lat' dir='ltr'><strong>estfactum,</strong></span> <span class='ocrx_word' id='word_1_56' title='bbox 1196 1077 1275 1156; x_wconf 91' lang='lat' dir='ltr'><strong>quod</strong></span> 
     </span>
     <span class='ocr_line' id='line_1_8' title="bbox 194 1177 1275 1257; baseline -0.003 -18"><span class='ocrx_word' id='word_1_57' title='bbox 194 1199 260 1249; x_wconf 56' lang='lat' dir='ltr'><strong>non,</strong></span> <span class='ocrx_word' id='word_1_58' title='bbox 276 1181 408 1240; x_wconf 81' lang='lat' dir='ltr'><strong>futurum</strong></span> <span class='ocrx_word' id='word_1_59' title='bbox 428 1179 535 1252; x_wconf 76' lang='lat' dir='ltr'><strong>tuerit,</strong></span> <span class='ocrx_word' id='word_1_60' title='bbox 567 1181 729 1257; x_wconf 88' lang='lat' dir='ltr'><strong>eodemque</strong></span> <span class='ocrx_word' id='word_1_61' title='bbox 751 1181 837 1238; x_wconf 93' lang='lat' dir='ltr'><strong>modo</strong></span> <span class='ocrx_word' id='word_1_62' title='bbox 862 1179 939 1237; x_wconf 91' lang='lat' dir='ltr'><strong>nihil</strong></span> <span class='ocrx_word' id='word_1_63' title='bbox 958 1183 1003 1238; x_wconf 91' lang='lat' dir='ltr'><strong>est</strong></span> <span class='ocrx_word' id='word_1_64' title='bbox 1022 1180 1170 1252; x_wconf 75' lang='lat' dir='ltr'><strong>futurum,</strong></span> <span class='ocrx_word' id='word_1_65' title='bbox 1192 1177 1275 1238; x_wconf 88' lang='lat' dir='ltr'><strong>euius</strong></span> 
     </span>
     <span class='ocr_line' id='line_1_9' title="bbox 193 1279 1319 1359; baseline -0.002 -19"><span class='ocrx_word' id='word_1_66' title='bbox 193 1300 253 1342; x_wconf 89' lang='lat' dir='ltr'><strong>non</strong></span> <span class='ocrx_word' id='word_1_67' title='bbox 272 1301 374 1341; x_wconf 78' lang='lat' dir='ltr'><strong>enneae</strong></span> <span class='ocrx_word' id='word_1_68' title='bbox 389 1281 420 1339; x_wconf 92' lang='lat' dir='ltr'><strong>id</strong></span> <span class='ocrx_word' id='word_1_69' title='bbox 435 1280 534 1357; x_wconf 91' lang='lat' dir='ltr'><strong>ipsum</strong></span> <span class='ocrx_word' id='word_1_70' title='bbox 551 1279 715 1340; x_wconf 76' lang='lat' dir='ltr'><strong>efficientes</strong></span> <span class='ocrx_word' id='word_1_71' title='bbox 725 1285 838 1340; x_wconf 88' lang='lat' dir='ltr'><strong>natura</strong></span> <span class='ocrx_word' id='word_1_72' title='bbox 855 1279 1035 1358; x_wconf 86' lang='lat' dir='ltr'><strong>contineat“)</strong></span> <span class='ocrx_word' id='word_1_73' title='bbox 1056 1279 1147 1359; x_wconf 92' lang='lat' dir='ltr'><strong>idque</strong></span> <span class='ocrx_word' id='word_1_74' title='bbox 1163 1279 1220 1353; x_wconf 91' lang='lat' dir='ltr'><strong>ita,</strong></span> <span class='ocrx_word' id='word_1_75' title='bbox 1241 1283 1276 1338; x_wconf 95' lang='lat' dir='ltr'><strong>ut</strong></span> <span class='ocrx_word' id='word_1_76' title='bbox 1318 1315 1319 1319; x_wconf 61' lang='lat'><em>=</em></span> 
     </span>
     <span class='ocr_line' id='line_1_10' title="bbox 195 1381 1275 1460; baseline -0.002 -18"><span class='ocrx_word' id='word_1_77' title='bbox 195 1381 325 1442; x_wconf 85' lang='lat' dir='ltr'><strong>dubitari</strong></span> <span class='ocrx_word' id='word_1_78' title='bbox 350 1382 470 1442; x_wconf 90' lang='lat' dir='ltr'><strong>omnino</strong></span> <span class='ocrx_word' id='word_1_79' title='bbox 497 1385 642 1460; x_wconf 90' lang='lat' dir='ltr'><strong>nequeat,</strong></span> <span class='ocrx_word' id='word_1_80' title='bbox 675 1382 748 1460; x_wconf 90' lang='lat' dir='ltr'><strong>quin</strong></span> <span class='ocrx_word' id='word_1_81' title='bbox 774 1381 875 1442; x_wconf 83' lang='lat' dir='ltr'><strong>Gieero</strong></span> <span class='ocrx_word' id='word_1_82' title='bbox 897 1381 961 1441; x_wconf 90' lang='lat' dir='ltr'><strong>illio</strong></span> <span class='ocrx_word' id='word_1_83' title='bbox 986 1381 1140 1443; x_wconf 82' lang='lat' dir='ltr'><strong>Posidonii</strong></span> <span class='ocrx_word' id='word_1_84' title='bbox 1166 1382 1275 1441; x_wconf 88' lang='lat' dir='ltr'><strong>librum</strong></span> 
     </span>
     <span class='ocr_line' id='line_1_11' title="bbox 194 1482 1275 1561; baseline -0.004 -17"><span class='ocrx_word' id='word_1_85' title='bbox 194 1488 342 1561; x_wconf 84' lang='lat' dir='ltr'><strong>exeerpet.</strong></span> <span class='ocrx_word' id='word_1_86' title='bbox 385 1484 461 1543; x_wconf 89' lang='lat' dir='ltr'><strong>Inda</strong></span> <span class='ocrx_word' id='word_1_87' title='bbox 490 1483 587 1543; x_wconf 88' lang='lat' dir='ltr'><strong>eoniei</strong></span> <span class='ocrx_word' id='word_1_88' title='bbox 612 1488 725 1561; x_wconf 88' lang='lat' dir='ltr'><strong>potest,</strong></span> <span class='ocrx_word' id='word_1_89' title='bbox 758 1484 928 1544; x_wconf 80' lang='lat' dir='ltr'><strong>Oiaeronem</strong></span> <span class='ocrx_word' id='word_1_90' title='bbox 951 1483 1039 1543; x_wconf 88' lang='lat' dir='ltr'><strong>etiam</strong></span> <span class='ocrx_word' id='word_1_91' title='bbox 1063 1482 1275 1555; x_wconf 87' lang='lat' dir='ltr'><strong>definitionem,</strong></span> 
     </span>
     <span class='ocr_line' id='line_1_12' title="bbox 194 1582 1276 1664; baseline -0.004 -18"><span class='ocrx_word' id='word_1_92' title='bbox 194 1587 231 1646; x_wconf 89' lang='lat' dir='ltr'><strong>de</strong></span> <span class='ocrx_word' id='word_1_93' title='bbox 249 1605 308 1664; x_wconf 88' lang='lat' dir='ltr'><strong>qua</strong></span> <span class='ocrx_word' id='word_1_94' title='bbox 323 1585 451 1662; x_wconf 87' lang='lat' dir='ltr'><strong>agimus,</strong></span> <span class='ocrx_word' id='word_1_95' title='bbox 474 1603 540 1644; x_wconf 87' lang='lat' dir='ltr'><strong>enm</strong></span> <span class='ocrx_word' id='word_1_96' title='bbox 563 1586 619 1644; x_wconf 85' lang='lat' dir='ltr'><strong>hae</strong></span> <span class='ocrx_word' id='word_1_97' title='bbox 635 1585 785 1645; x_wconf 88' lang='lat' dir='ltr'><strong>sententia</strong></span> <span class='ocrx_word' id='word_1_98' title='bbox 807 1590 871 1646; x_wconf 87' lang='lat' dir='ltr'><strong>arte</strong></span> <span class='ocrx_word' id='word_1_99' title='bbox 894 1586 1100 1644; x_wconf 83' lang='lat' dir='ltr'><strong>cohaerentem</strong></span> <span class='ocrx_word' id='word_1_100' title='bbox 1117 1583 1223 1660; x_wconf 78' lang='lat' dir='ltr'><strong>legisse</strong></span> <span class='ocrx_word' id='word_1_101' title='bbox 1242 1582 1276 1641; x_wconf 88' lang='lat' dir='ltr'><strong>iu</strong></span> 
     </span>
     <span class='ocr_line' id='line_1_13' title="bbox 196 1685 1277 1765; baseline -0.004 -19"><span class='ocrx_word' id='word_1_102' title='bbox 196 1686 351 1748; x_wconf 87' lang='lat' dir='ltr'><strong>Posidonii</strong></span> <span class='ocrx_word' id='word_1_103' title='bbox 375 1688 412 1746; x_wconf 89' lang='lat' dir='ltr'><strong>de</strong></span> <span class='ocrx_word' id='word_1_104' title='bbox 437 1686 622 1746; x_wconf 73' lang='lat' dir='ltr'><strong>divinatione</strong></span> <span class='ocrx_word' id='word_1_105' title='bbox 644 1687 730 1746; x_wconf 90' lang='lat' dir='ltr'><strong>libris</strong></span> <span class='ocrx_word' id='word_1_106' title='bbox 750 1687 882 1765; x_wconf 85' lang='lat' dir='ltr'><strong>quinque</strong></span> <span class='ocrx_word' id='word_1_107' title='bbox 899 1687 950 1764; x_wconf 84' lang='lat' dir='ltr'><strong>(ef.</strong></span> <span class='ocrx_word' id='word_1_108' title='bbox 973 1707 1005 1762; x_wconf 88' lang='lat' dir='ltr'><strong>p.</strong></span> <span class='ocrx_word' id='word_1_109' title='bbox 1025 1685 1072 1764; x_wconf 85' lang='lat'><strong>5),</strong></span> <span class='ocrx_word' id='word_1_110' title='bbox 1099 1686 1191 1764; x_wconf 87' lang='lat' dir='ltr'><strong>idque</strong></span> <span class='ocrx_word' id='word_1_111' title='bbox 1215 1703 1277 1744; x_wconf 89' lang='lat' dir='ltr'><strong>eer-</strong></span> 
     </span>
     <span class='ocr_line' id='line_1_14' title="bbox 193 1785 1277 1868; baseline -0.004 -20"><span class='ocrx_word' id='word_1_112' title='bbox 193 1794 257 1848; x_wconf 90' lang='lat' dir='ltr'><strong>tum</strong></span> <span class='ocrx_word' id='word_1_113' title='bbox 275 1787 350 1861; x_wconf 90' lang='lat' dir='ltr'><strong>erit,</strong></span> <span class='ocrx_word' id='word_1_114' title='bbox 378 1787 404 1848; x_wconf 86' lang='lat' dir='ltr'><strong>si</strong></span> <span class='ocrx_word' id='word_1_115' title='bbox 426 1788 485 1850; x_wconf 88' lang='lat' dir='ltr'><strong>alia</strong></span> <span class='ocrx_word' id='word_1_116' title='bbox 507 1807 625 1868; x_wconf 91' lang='lat' dir='ltr'><strong>quoque</strong></span> <span class='ocrx_word' id='word_1_117' title='bbox 642 1790 828 1865; x_wconf 87' lang='lat' dir='ltr'><strong>apparebunt</strong></span> <span class='ocrx_word' id='word_1_118' title='bbox 850 1788 941 1848; x_wconf 89' lang='lat' dir='ltr'><strong>huius</strong></span> <span class='ocrx_word' id='word_1_119' title='bbox 959 1787 1004 1847; x_wconf 86' lang='lat' dir='ltr'><strong>rei</strong></span> <span class='ocrx_word' id='word_1_120' title='bbox 1028 1787 1100 1847; x_wconf 90' lang='lat' dir='ltr'><strong>satis</strong></span> <span class='ocrx_word' id='word_1_121' title='bbox 1118 1787 1212 1846; x_wconf 88' lang='lat' dir='ltr'><strong>multa</strong></span> <span class='ocrx_word' id='word_1_122' title='bbox 1229 1785 1277 1844; x_wconf 89' lang='lat' dir='ltr'><strong>in·</strong></span> 
     </span>
     <span class='ocr_line' id='line_1_15' title="bbox 194 1888 1275 1969; baseline -0.004 -20"><span class='ocrx_word' id='word_1_123' title='bbox 194 1889 280 1949; x_wconf 83' lang='lat' dir='ltr'><strong>dieis.</strong></span> <span class='ocrx_word' id='word_1_124' title='bbox 323 1890 418 1950; x_wconf 87' lang='lat' dir='ltr'><strong>Dooet</strong></span> <span class='ocrx_word' id='word_1_125' title='bbox 440 1889 547 1949; x_wconf 89' lang='lat' dir='ltr'><strong>deinde</strong></span> <span class='ocrx_word' id='word_1_126' title='bbox 566 1888 696 1952; x_wconf 77' lang='lat' dir='ltr'><strong>Quintus</strong></span> <span class='ocrx_word' id='word_1_127' title='bbox 703 1935 711 1964; x_wconf 96' lang='lat'><strong>,</strong></span> <span class='ocrx_word' id='word_1_128' title='bbox 733 1909 765 1949; x_wconf 87' lang='lat' dir='ltr'><strong>sa</strong></span> <span class='ocrx_word' id='word_1_129' title='bbox 789 1890 875 1969; x_wconf 87' lang='lat' dir='ltr'><strong>sequi</strong></span> <span class='ocrx_word' id='word_1_130' title='bbox 889 1889 1067 1949; x_wconf 87' lang='lat' dir='ltr'><strong>sententiam</strong></span> <span class='ocrx_word' id='word_1_131' title='bbox 1091 1891 1128 1949; x_wconf 90' lang='lat' dir='ltr'><strong>de</strong></span> <span class='ocrx_word' id='word_1_132' title='bbox 1148 1891 1275 1966; x_wconf 91' lang='lat' dir='ltr'><strong>utroque</strong></span> 
     </span>
     <span class='ocr_line' id='line_1_16' title="bbox 196 1989 1276 2068; baseline -0.004 -17"><span class='ocrx_word' id='word_1_133' title='bbox 196 1991 352 2052; x_wconf 86' lang='lat' dir='ltr'><strong>divinandi</strong></span> <span class='ocrx_word' id='word_1_134' title='bbox 370 2011 477 2066; x_wconf 86' lang='lat' dir='ltr'><strong>genere</strong></span> <span class='ocrx_word' id='word_1_135' title='bbox 494 2011 532 2050; x_wconf 86' lang='lat' dir='ltr'><strong>ex</strong></span> <span class='ocrx_word' id='word_1_136' title='bbox 555 2011 699 2050; x_wconf 83' lang='lat' dir='ltr'><strong>consensu</strong></span> <span class='ocrx_word' id='word_1_137' title='bbox 716 1992 849 2066; x_wconf 88' lang='lat' dir='ltr'><strong>gentium</strong></span> <span class='ocrx_word' id='word_1_138' title='bbox 865 1994 1098 2068; x_wconf 68' lang='lat' dir='ltr'><strong>comprobatam</strong></span> <span class='ocrx_word' id='word_1_139' title='bbox 1120 1989 1276 2068; x_wconf 89' lang='lat' dir='ltr'><strong>utriusque</strong></span> 
     </span>
     <span class='ocr_line' id='line_1_17' title="bbox 196 2091 1276 2173; baseline -0.001 -22"><span class='ocrx_word' id='word_1_140' title='bbox 196 2093 314 2168; x_wconf 82' lang='lat' dir='ltr'><strong>generis</strong></span> <span class='ocrx_word' id='word_1_141' title='bbox 334 2097 443 2152; x_wconf 89' lang='lat' dir='ltr'><strong>eventa</strong></span> <span class='ocrx_word' id='word_1_142' title='bbox 464 2092 557 2166; x_wconf 88' lang='lat' dir='ltr'><strong>magis</strong></span> <span class='ocrx_word' id='word_1_143' title='bbox 581 2094 750 2171; x_wconf 88' lang='lat' dir='ltr'><strong>quaerenda</strong></span> <span class='ocrx_word' id='word_1_144' title='bbox 767 2112 848 2165; x_wconf 90' lang='lat' dir='ltr'><strong>esse,</strong></span> <span class='ocrx_word' id='word_1_145' title='bbox 878 2113 968 2173; x_wconf 91' lang='lat' dir='ltr'><strong>quam</strong></span> <span class='ocrx_word' id='word_1_146' title='bbox 985 2113 1097 2152; x_wconf 84' lang='lat' dir='ltr'><strong>causas.</strong></span> <span class='ocrx_word' id='word_1_147' title='bbox 1143 2095 1207 2152; x_wconf 90' lang='lat' dir='ltr'><strong>Iam</strong></span> <span class='ocrx_word' id='word_1_148' title='bbox 1225 2091 1276 2150; x_wconf 88' lang='lat' dir='ltr'><strong>hia</strong></span> 
     </span>
     <span class='ocr_line' id='line_1_18' title="bbox 196 2192 1275 2276; baseline -0.006 -19"><span class='ocrx_word' id='word_1_149' title='bbox 196 2192 328 2257; x_wconf 77' lang='lat' dir='ltr'><strong>Quintus</strong></span> <span class='ocrx_word' id='word_1_150' title='bbox 347 2193 514 2276; x_wconf 28' lang='lat' dir='ltr'><strong>’Carneadis&#39;</strong></span> <span class='ocrx_word' id='word_1_151' title='bbox 548 2193 699 2267; x_wconf 86' lang='lat' dir='ltr'><strong>meminit,</strong></span> <span class='ocrx_word' id='word_1_152' title='bbox 737 2194 785 2252; x_wconf 90' lang='lat' dir='ltr'><strong>aui</strong></span> <span class='ocrx_word' id='word_1_153' title='bbox 811 2193 917 2253; x_wconf 90' lang='lat' dir='ltr'><strong>asserit</strong></span> <span class='ocrx_word' id='word_1_154' title='bbox 946 2194 1129 2254; x_wconf 85' lang='lat' dir='ltr'><strong>Panaetium.</strong></span> <span class='ocrx_word' id='word_1_155' title='bbox 1182 2193 1275 2251; x_wconf 73' lang='lat' dir='ltr'><strong>Nemo</strong></span> 
     </span>
     <span class='ocr_line' id='line_1_19' title="bbox 196 2295 1276 2373; baseline -0.002 -19"><span class='ocrx_word' id='word_1_156' title='bbox 196 2301 296 2358; x_wconf 87' lang='lat' dir='ltr'><strong>autam</strong></span> <span class='ocrx_word' id='word_1_157' title='bbox 322 2295 456 2372; x_wconf 89' lang='lat' dir='ltr'><strong>putabit,</strong></span> <span class='ocrx_word' id='word_1_158' title='bbox 486 2295 656 2356; x_wconf 80' lang='lat' dir='ltr'><strong>Oioeronem</strong></span> <span class='ocrx_word' id='word_1_159' title='bbox 676 2300 831 2373; x_wconf 84' lang='lat' dir='ltr'><strong>tantopere</strong></span> <span class='ocrx_word' id='word_1_160' title='bbox 849 2297 1029 2356; x_wconf 78' lang='lat' dir='ltr'><strong>Carneadem</strong></span> <span class='ocrx_word' id='word_1_161' title='bbox 1054 2300 1084 2355; x_wconf 88' lang='lat' dir='ltr'><strong>et</strong></span> <span class='ocrx_word' id='word_1_162' title='bbox 1101 2295 1276 2354; x_wconf 84' lang='lat' dir='ltr'><strong>Panaetium</strong></span> 
     </span>
     <span class='ocr_line' id='line_1_20' title="bbox 196 2396 1277 2477; baseline -0.001 -21"><span class='ocrx_word' id='word_1_163' title='bbox 196 2415 328 2470; x_wconf 87' lang='lat' dir='ltr'><strong>eurasse,</strong></span> <span class='ocrx_word' id='word_1_164' title='bbox 350 2402 386 2457; x_wconf 92' lang='lat' dir='ltr'><strong>nt</strong></span> <span class='ocrx_word' id='word_1_165' title='bbox 402 2417 441 2456; x_wconf 86' lang='lat' dir='ltr'><strong>ex</strong></span> <span class='ocrx_word' id='word_1_166' title='bbox 460 2396 555 2474; x_wconf 88' lang='lat' dir='ltr'><strong>ipsius</strong></span> <span class='ocrx_word' id='word_1_167' title='bbox 572 2397 698 2457; x_wconf 87' lang='lat' dir='ltr'><strong>seientia</strong></span> <span class='ocrx_word' id='word_1_168' title='bbox 716 2397 745 2456; x_wconf 89' lang='lat' dir='ltr'><strong>ei</strong></span> <span class='ocrx_word' id='word_1_169' title='bbox 762 2402 879 2474; x_wconf 88' lang='lat' dir='ltr'><strong>praesto</strong></span> <span class='ocrx_word' id='word_1_170' title='bbox 898 2403 990 2470; x_wconf 88' lang='lat' dir='ltr'><strong>esset,</strong></span> <span class='ocrx_word' id='word_1_171' title='bbox 1012 2397 1085 2477; x_wconf 90' lang='lat' dir='ltr'><strong>quid</strong></span> <span class='ocrx_word' id='word_1_172' title='bbox 1104 2397 1277 2475; x_wconf 90' lang='lat' dir='ltr'><strong>philosophi</strong></span> 
     </span>
     <span class='ocr_line' id='line_1_21' title="bbox 195 2498 1276 2580; baseline -0.006 -18"><span class='ocrx_word' id='word_1_173' title='bbox 195 2498 242 2562; x_wconf 84' lang='lat' dir='ltr'><strong>illi</strong></span> <span class='ocrx_word' id='word_1_174' title='bbox 259 2499 292 2559; x_wconf 90' lang='lat' dir='ltr'><strong>in</strong></span> <span class='ocrx_word' id='word_1_175' title='bbox 309 2519 369 2559; x_wconf 87' lang='lat' dir='ltr'><strong>una</strong></span> <span class='ocrx_word' id='word_1_176' title='bbox 385 2499 486 2578; x_wconf 90' lang='lat' dir='ltr'><strong>aliqua</strong></span> <span class='ocrx_word' id='word_1_177' title='bbox 505 2519 538 2560; x_wconf 89' lang='lat' dir='ltr'><strong>re</strong></span> <span class='ocrx_word' id='word_1_178' title='bbox 554 2519 695 2580; x_wconf 84' lang='lat' dir='ltr'><strong>quaerere</strong></span> <span class='ocrx_word' id='word_1_179' title='bbox 712 2500 794 2559; x_wconf 88' lang='lat' dir='ltr'><strong>soliti</strong></span> <span class='ocrx_word' id='word_1_180' title='bbox 814 2506 922 2573; x_wconf 88' lang='lat' dir='ltr'><strong>essent,</strong></span> <span class='ocrx_word' id='word_1_181' title='bbox 945 2499 1062 2559; x_wconf 90' lang='lat' dir='ltr'><strong>etiamsi</strong></span> <span class='ocrx_word' id='word_1_182' title='bbox 1080 2499 1276 2572; x_wconf 78' lang='lat' dir='ltr'><strong>consedimus,</strong></span> 
     </span>
     <span class='ocr_line' id='line_1_22' title="bbox 197 2601 1277 2682; baseline -0.002 -21"><span class='ocrx_word' id='word_1_183' title='bbox 197 2621 263 2661; x_wconf 89' lang='lat' dir='ltr'><strong>eum</strong></span> <span class='ocrx_word' id='word_1_184' title='bbox 281 2621 342 2662; x_wconf 92' lang='lat' dir='ltr'><strong>non</strong></span> <span class='ocrx_word' id='word_1_185' title='bbox 361 2602 530 2678; x_wconf 84' lang='lat' dir='ltr'><strong>ignorasse,</strong></span> <span class='ocrx_word' id='word_1_186' title='bbox 553 2601 625 2682; x_wconf 91' lang='lat' dir='ltr'><strong>quid</strong></span> <span class='ocrx_word' id='word_1_187' title='bbox 642 2602 676 2660; x_wconf 93' lang='lat' dir='ltr'><strong>in</strong></span> <span class='ocrx_word' id='word_1_188' title='bbox 694 2602 867 2662; x_wconf 88' lang='lat' dir='ltr'><strong>universum</strong></span> <span class='ocrx_word' id='word_1_189' title='bbox 886 2606 1011 2680; x_wconf 88' lang='lat' dir='ltr'><strong>uterque</strong></span> <span class='ocrx_word' id='word_1_190' title='bbox 1032 2603 1068 2660; x_wconf 91' lang='lat' dir='ltr'><strong>de</strong></span> <span class='ocrx_word' id='word_1_191' title='bbox 1091 2601 1277 2661; x_wconf 79' lang='lat' dir='ltr'><strong>divinatione</strong></span> 
     </span>
     <span class='ocr_line' id='line_1_23' title="bbox 196 2702 1275 2782; baseline 0.001 -22"><span class='ocrx_word' id='word_1_192' title='bbox 196 2703 384 2765; x_wconf 78' lang='lat' dir='ltr'><strong>indicaverit</strong></span> <span class='ocrx_word' id='word_1_193' title='bbox 426 2705 595 2764; x_wconf 89' lang='lat' dir='ltr'><strong>Putandum</strong></span> <span class='ocrx_word' id='word_1_194' title='bbox 612 2703 712 2781; x_wconf 90' lang='lat' dir='ltr'><strong>potius</strong></span> <span class='ocrx_word' id='word_1_195' title='bbox 731 2709 792 2777; x_wconf 89' lang='lat' dir='ltr'><strong>est,</strong></span> <span class='ocrx_word' id='word_1_196' title='bbox 815 2705 986 2782; x_wconf 78' lang='lat' dir='ltr'><strong>Ciceronem</strong></span> <span class='ocrx_word' id='word_1_197' title='bbox 1005 2723 1056 2776; x_wconf 88' lang='lat' dir='ltr'><strong>ea,</strong></span> <span class='ocrx_word' id='word_1_198' title='bbox 1079 2721 1154 2782; x_wconf 89' lang='lat' dir='ltr'><strong>quae</strong></span> <span class='ocrx_word' id='word_1_199' title='bbox 1170 2702 1220 2762; x_wconf 87' lang='lat' dir='ltr'><strong>hio</strong></span> <span class='ocrx_word' id='word_1_200' title='bbox 1239 2704 1275 2768; x_wconf 87' lang='lat' dir='ltr'><strong>de</strong></span> 
     </span>
     <span class='ocr_line' id='line_1_24' title="bbox 194 2803 1277 2884; baseline 0.003 -24"><span class='ocrx_word' id='word_1_201' title='bbox 194 2803 338 2864; x_wconf 82' lang='lat' dir='ltr'><strong>Panaetio</strong></span> <span class='ocrx_word' id='word_1_202' title='bbox 359 2808 391 2864; x_wconf 89' lang='lat' dir='ltr'><strong>et</strong></span> <span class='ocrx_word' id='word_1_203' title='bbox 406 2805 555 2865; x_wconf 78' lang='lat' dir='ltr'><strong>Carneade</strong></span> <span class='ocrx_word' id='word_1_204' title='bbox 570 2811 671 2866; x_wconf 88' lang='lat' dir='ltr'><strong>narrat</strong></span> <span class='ocrx_word' id='word_1_205' title='bbox 686 2807 723 2884; x_wconf 88' lang='lat' dir='ltr'><strong>(o.</strong></span> <span class='ocrx_word' id='word_1_206' title='bbox 741 2808 773 2880; x_wconf 88' lang='lat'><strong>7,</strong></span> <span class='ocrx_word' id='word_1_207' title='bbox 796 2805 813 2884; x_wconf 59' lang='grc' dir='ltr'>ᾖ</span> <span class='ocrx_word' id='word_1_208' title='bbox 832 2805 899 2884; x_wconf 82' lang='grc'><strong>12),</strong></span> <span class='ocrx_word' id='word_1_209' title='bbox 921 2805 1072 2866; x_wconf 87' lang='lat' dir='ltr'><strong>invenisse</strong></span> <span class='ocrx_word' id='word_1_210' title='bbox 1088 2806 1167 2880; x_wconf 89' lang='lat' dir='ltr'><strong>apud</strong></span> <span class='ocrx_word' id='word_1_211' title='bbox 1183 2804 1277 2880; x_wconf 87' lang='lat' dir='ltr'><strong>serip-</strong></span> 
     </span>
     <span class='ocr_line' id='line_1_25' title="bbox 195 2904 1276 2980; baseline -0.001 -16"><span class='ocrx_word' id='word_1_212' title='bbox 195 2908 290 2964; x_wconf 86' lang='lat' dir='ltr'><strong>torem</strong></span> <span class='ocrx_word' id='word_1_213' title='bbox 316 2904 476 2978; x_wconf 76' lang='lat' dir='ltr'><strong>(ireseum,</strong></span> <span class='ocrx_word' id='word_1_214' title='bbox 509 2907 593 2965; x_wconf 89' lang='lat' dir='ltr'><strong>euius</strong></span> <span class='ocrx_word' id='word_1_215' title='bbox 616 2907 725 2966; x_wconf 88' lang='lat' dir='ltr'><strong>librum</strong></span> <span class='ocrx_word' id='word_1_216' title='bbox 747 2911 782 2966; x_wconf 90' lang='lat' dir='ltr'><strong>ut</strong></span> <span class='ocrx_word' id='word_1_217' title='bbox 808 2909 922 2966; x_wconf 82' lang='lat' dir='ltr'><strong>fontem</strong></span> <span class='ocrx_word' id='word_1_218' title='bbox 946 2907 1038 2965; x_wconf 92' lang='lat' dir='ltr'><strong>totius</strong></span> <span class='ocrx_word' id='word_1_219' title='bbox 1065 2905 1276 2980; x_wconf 85' lang='lat' dir='ltr'><strong>disputationis</strong></span> 
     </span>
     <span class='ocr_line' id='line_1_26' title="bbox 196 3006 1278 3086; baseline -0.002 -20"><span class='ocrx_word' id='word_1_220' title='bbox 196 3006 326 3066; x_wconf 84' lang='lat' dir='ltr'><strong>adhibet</strong></span> <span class='ocrx_word' id='word_1_221' title='bbox 370 3007 429 3064; x_wconf 84' lang='lat' dir='ltr'><strong>Our</strong></span> <span class='ocrx_word' id='word_1_222' title='bbox 451 3009 550 3066; x_wconf 90' lang='lat' dir='ltr'><strong>autem</strong></span> <span class='ocrx_word' id='word_1_223' title='bbox 573 3025 633 3067; x_wconf 90' lang='lat' dir='ltr'><strong>non</strong></span> <span class='ocrx_word' id='word_1_224' title='bbox 657 3007 709 3066; x_wconf 86' lang='lat' dir='ltr'><strong>elii</strong></span> <span class='ocrx_word' id='word_1_225' title='bbox 730 3007 857 3086; x_wconf 89' lang='lat' dir='ltr'><strong>quilibet</strong></span> <span class='ocrx_word' id='word_1_226' title='bbox 876 3006 1070 3066; x_wconf 87' lang='lat' dir='ltr'><strong>divinationis</strong></span> <span class='ocrx_word' id='word_1_227' title='bbox 1095 3009 1278 3083; x_wconf 82' lang='lat' dir='ltr'><strong>contempto-</strong></span> 
     </span>
     <span class='ocr_line' id='line_1_27' title="bbox 183 3095 1278 3188; baseline -0.004 -20"><span class='ocrx_word' id='word_1_228' title='bbox 183 3095 259 3182; x_wconf 85' lang='lat' dir='ltr'><strong>res,</strong></span> <span class='ocrx_word' id='word_1_229' title='bbox 280 3110 333 3168; x_wconf 89' lang='lat' dir='ltr'><strong>sed</strong></span> <span class='ocrx_word' id='word_1_230' title='bbox 347 3107 395 3167; x_wconf 91' lang='lat' dir='ltr'><strong>illi</strong></span> <span class='ocrx_word' id='word_1_231' title='bbox 410 3109 468 3168; x_wconf 86' lang='lat' dir='ltr'><strong>dno</strong></span> <span class='ocrx_word' id='word_1_232' title='bbox 488 3108 674 3184; x_wconf 89' lang='lat' dir='ltr'><strong>potissimum</strong></span> <span class='ocrx_word' id='word_1_233' title='bbox 691 3109 753 3168; x_wconf 87' lang='lat' dir='ltr'><strong>sint</strong></span> <span class='ocrx_word' id='word_1_234' title='bbox 771 3107 929 3185; x_wconf 88' lang='lat' dir='ltr'><strong>appellati,</strong></span> <span class='ocrx_word' id='word_1_235' title='bbox 951 3127 990 3168; x_wconf 87' lang='lat' dir='ltr'><strong>ex</strong></span> <span class='ocrx_word' id='word_1_236' title='bbox 1006 3107 1061 3181; x_wconf 89' lang='lat' dir='ltr'><strong>iis,</strong></span> <span class='ocrx_word' id='word_1_237' title='bbox 1085 3127 1160 3188; x_wconf 89' lang='lat' dir='ltr'><strong>quae</strong></span> <span class='ocrx_word' id='word_1_238' title='bbox 1179 3110 1216 3167; x_wconf 89' lang='lat' dir='ltr'><strong>de</strong></span> <span class='ocrx_word' id='word_1_239' title='bbox 1232 3108 1278 3166; x_wconf 89' lang='lat' dir='ltr'><strong>di·</strong></span> 
     </span>
     <span class='ocr_line' id='line_1_28' title="bbox 195 3211 1276 3283; baseline -0.002 -13"><span class='ocrx_word' id='word_1_240' title='bbox 195 3211 350 3272; x_wconf 87' lang='lat' dir='ltr'><strong>vinatione</strong></span> <span class='ocrx_word' id='word_1_241' title='bbox 370 3231 388 3270; x_wconf 90' lang='lat' dir='ltr'><strong>a</strong></span> <span class='ocrx_word' id='word_1_242' title='bbox 406 3211 556 3270; x_wconf 79' lang='lat' dir='ltr'><strong>Carneade</strong></span> <span class='ocrx_word' id='word_1_243' title='bbox 577 3211 704 3282; x_wconf 86' lang='lat' dir='ltr'><strong>reiecta,</strong></span> <span class='ocrx_word' id='word_1_244' title='bbox 726 3211 759 3269; x_wconf 92' lang='lat' dir='ltr'><strong>in</strong></span> <span class='ocrx_word' id='word_1_245' title='bbox 782 3211 904 3269; x_wconf 90' lang='lat' dir='ltr'><strong>dubium</strong></span> <span class='ocrx_word' id='word_1_246' title='bbox 925 3214 1030 3270; x_wconf 80' lang='lat' dir='ltr'><strong>vocata</strong></span> <span class='ocrx_word' id='word_1_247' title='bbox 1048 3211 1238 3283; x_wconf 89' lang='lat' dir='ltr'><strong>aPanaetio,</strong></span> <span class='ocrx_word' id='word_1_248' title='bbox 1258 3228 1276 3268; x_wconf 90' lang='lat' dir='ltr'><strong>a</strong></span> 
     </span>
     <span class='ocr_line' id='line_1_29' title="bbox 195 3311 1277 3391; baseline -0.002 -19"><span class='ocrx_word' id='word_1_249' title='bbox 195 3313 355 3374; x_wconf 84' lang='lat' dir='ltr'><strong>Posidonio</strong></span> <span class='ocrx_word' id='word_1_250' title='bbox 381 3317 479 3372; x_wconf 87' lang='lat' dir='ltr'><strong>autem</strong></span> <span class='ocrx_word' id='word_1_251' title='bbox 510 3314 632 3372; x_wconf 82' lang='lat' dir='ltr'><strong>detensa</strong></span> <span class='ocrx_word' id='word_1_252' title='bbox 661 3315 749 3374; x_wconf 91' lang='lat' dir='ltr'><strong>modo</strong></span> <span class='ocrx_word' id='word_1_253' title='bbox 781 3312 932 3390; x_wconf 83' lang='lat' dir='ltr'><strong>disputavi</strong></span> <span class='ocrx_word' id='word_1_254' title='bbox 959 3313 1001 3388; x_wconf 89' lang='lat' dir='ltr'><strong>(p.</strong></span> <span class='ocrx_word' id='word_1_255' title='bbox 1024 3318 1041 3370; x_wconf 91' lang='lat'>8</span> <span class='ocrx_word' id='word_1_256' title='bbox 1064 3313 1135 3391; x_wconf 86' lang='lat' dir='ltr'><strong>sq.),</strong></span> <span class='ocrx_word' id='word_1_257' title='bbox 1165 3311 1277 3389; x_wconf 90' lang='lat' dir='ltr'><strong>optime</strong></span> 
     </span>
     <span class='ocr_line' id='line_1_30' title="bbox 196 3413 1277 3492; baseline 0.002 -20"><span class='ocrx_word' id='word_1_258' title='bbox 196 3413 402 3490; x_wconf 87' lang='lat' dir='ltr'><strong>intellegemus</strong></span> <span class='ocrx_word' id='word_1_259' title='bbox 420 3415 446 3474; x_wconf 90' lang='lat' dir='ltr'><strong>si</strong></span> <span class='ocrx_word' id='word_1_260' title='bbox 463 3415 625 3487; x_wconf 89' lang='lat' dir='ltr'><strong>eredimus,</strong></span> <span class='ocrx_word' id='word_1_261' title='bbox 649 3414 819 3474; x_wconf 82' lang='lat' dir='ltr'><strong>Oioeronem</strong></span> <span class='ocrx_word' id='word_1_262' title='bbox 836 3435 886 3487; x_wconf 90' lang='lat' dir='ltr'><strong>ea,</strong></span> <span class='ocrx_word' id='word_1_263' title='bbox 909 3433 984 3490; x_wconf 88' lang='lat' dir='ltr'><strong>quae</strong></span> <span class='ocrx_word' id='word_1_264' title='bbox 1000 3414 1056 3472; x_wconf 88' lang='lat' dir='ltr'><strong>hoe</strong></span> <span class='ocrx_word' id='word_1_265' title='bbox 1074 3413 1138 3474; x_wconf 88' lang='lat' dir='ltr'><strong>loeo</strong></span> <span class='ocrx_word' id='word_1_266' title='bbox 1155 3415 1277 3492; x_wconf 83' lang='lat' dir='ltr'><strong>profert,</strong></span> 
     </span>
     <span class='ocr_line' id='line_1_31' title="bbox 197 3515 712 3592; baseline -0.006 -17"><span class='ocrx_word' id='word_1_267' title='bbox 197 3535 236 3575; x_wconf 83' lang='lat' dir='ltr'><strong>ex</strong></span> <span class='ocrx_word' id='word_1_268' title='bbox 257 3515 412 3574; x_wconf 90' lang='lat' dir='ltr'><strong>Posidonii</strong></span> <span class='ocrx_word' id='word_1_269' title='bbox 431 3515 516 3574; x_wconf 87' lang='lat' dir='ltr'><strong>libris</strong></span> <span class='ocrx_word' id='word_1_270' title='bbox 543 3515 712 3592; x_wconf 87' lang='lat' dir='ltr'><strong>sumpsisse.</strong></span> 
     </span>
    </p>

    <p class='ocr_par' dir='ltr' id='par_1_4' title="bbox 197 3613 1277 3998">
     <span class='ocr_line' id='line_1_32' title="bbox 282 3613 1276 3689; baseline 0.001 -16"><span class='ocrx_word' id='word_1_271' title='bbox 282 3615 385 3689; x_wconf 81' lang='lat' dir='ltr'><strong>Pergit</strong></span> <span class='ocrx_word' id='word_1_272' title='bbox 414 3613 544 3676; x_wconf 76' lang='lat' dir='ltr'><strong>Quintus</strong></span> <span class='ocrx_word' id='word_1_273' title='bbox 570 3616 745 3688; x_wconf 76' lang='lat' dir='ltr'><strong>disserens,</strong></span> <span class='ocrx_word' id='word_1_274' title='bbox 768 3615 819 3674; x_wconf 91' lang='lat' dir='ltr'><strong>diu</strong></span> <span class='ocrx_word' id='word_1_275' title='bbox 850 3613 1067 3676; x_wconf 88' lang='lat' dir='ltr'><strong>divinationem</strong></span> <span class='ocrx_word' id='word_1_276' title='bbox 1091 3618 1276 3678; x_wconf 88' lang='lat' dir='ltr'><strong>observatam</strong></span> 
     </span>
     <span class='ocr_line' id='line_1_33' title="bbox 198 3716 1277 3792; baseline -0.006 -12"><span class='ocrx_word' id='word_1_277' title='bbox 198 3737 276 3791; x_wconf 87' lang='lat' dir='ltr'><strong>esse,</strong></span> <span class='ocrx_word' id='word_1_278' title='bbox 298 3722 330 3776; x_wconf 89' lang='lat' dir='ltr'><strong>et</strong></span> <span class='ocrx_word' id='word_1_279' title='bbox 345 3720 380 3776; x_wconf 91' lang='lat' dir='ltr'><strong>ut</strong></span> <span class='ocrx_word' id='word_1_280' title='bbox 397 3716 429 3774; x_wconf 92' lang='lat' dir='ltr'><strong>in</strong></span> <span class='ocrx_word' id='word_1_281' title='bbox 451 3716 553 3776; x_wconf 88' lang='lat' dir='ltr'><strong>multis</strong></span> <span class='ocrx_word' id='word_1_282' title='bbox 576 3717 643 3776; x_wconf 91' lang='lat' dir='ltr'><strong>aliis</strong></span> <span class='ocrx_word' id='word_1_283' title='bbox 662 3719 768 3790; x_wconf 88' lang='lat' dir='ltr'><strong>rebus,</strong></span> <span class='ocrx_word' id='word_1_284' title='bbox 790 3718 875 3778; x_wconf 90' lang='lat' dir='ltr'><strong>velut</strong></span> <span class='ocrx_word' id='word_1_285' title='bbox 898 3718 931 3776; x_wconf 91' lang='lat' dir='ltr'><strong>in</strong></span> <span class='ocrx_word' id='word_1_286' title='bbox 950 3717 1175 3792; x_wconf 89' lang='lat' dir='ltr'><strong>tempestatibus</strong></span> <span class='ocrx_word' id='word_1_287' title='bbox 1193 3721 1224 3774; x_wconf 89' lang='lat' dir='ltr'><strong>et</strong></span> <span class='ocrx_word' id='word_1_288' title='bbox 1243 3716 1277 3774; x_wconf 92' lang='lat' dir='ltr'><strong>in</strong></span> 
     </span>
     <span class='ocr_line' id='line_1_34' title="bbox 197 3818 1277 3906; baseline -0.003 -26"><span class='ocrx_word' id='word_1_289' title='bbox 197 3819 362 3891; x_wconf 84' lang='lat' dir='ltr'><strong>medisina,</strong></span> <span class='ocrx_word' id='word_1_290' title='bbox 390 3818 433 3906; x_wconf 87' lang='lat' dir='ltr'><strong>sie</strong></span> <span class='ocrx_word' id='word_1_291' title='bbox 450 3818 483 3876; x_wconf 92' lang='lat' dir='ltr'><strong>in</strong></span> <span class='ocrx_word' id='word_1_292' title='bbox 502 3819 558 3880; x_wconf 89' lang='lat' dir='ltr'><strong>hao</strong></span> <span class='ocrx_word' id='word_1_293' title='bbox 578 3839 713 3900; x_wconf 89' lang='lat' dir='ltr'><strong>quoque,</strong></span> <span class='ocrx_word' id='word_1_294' title='bbox 737 3820 853 3885; x_wconf 87' lang='lat' dir='ltr'><strong>etiamsi</strong></span> <span class='ocrx_word' id='word_1_295' title='bbox 871 3840 923 3880; x_wconf 83' lang='lat' dir='ltr'><strong>our</strong></span> <span class='ocrx_word' id='word_1_296' title='bbox 941 3819 1075 3900; x_wconf 86' lang='lat' dir='ltr'><strong>quidque</strong></span> <span class='ocrx_word' id='word_1_297' title='bbox 1091 3819 1143 3878; x_wconf 86' lang='lat' dir='ltr'><strong>fiat</strong></span> <span class='ocrx_word' id='word_1_298' title='bbox 1158 3819 1277 3895; x_wconf 87' lang='lat' dir='ltr'><strong>ignore·</strong></span> 
     </span>
     <span class='ocr_line' id='line_1_35' title="bbox 197 3920 717 3998; baseline -0.006 -15"><span class='ocrx_word' id='word_1_299' title='bbox 197 3927 262 3994; x_wconf 87' lang='lat' dir='ltr'><strong>tur,</strong></span> <span class='ocrx_word' id='word_1_300' title='bbox 284 3925 384 3980; x_wconf 87' lang='lat' dir='ltr'><strong>tamen</strong></span> <span class='ocrx_word' id='word_1_301' title='bbox 405 3920 479 3998; x_wconf 87' lang='lat' dir='ltr'><strong>quid</strong></span> <span class='ocrx_word' id='word_1_302' title='bbox 499 3921 552 3980; x_wconf 87' lang='lat' dir='ltr'><strong>fiat</strong></span> <span class='ocrx_word' id='word_1_303' title='bbox 572 3921 717 3997; x_wconf 81' lang='lat' dir='ltr'><strong>intellegi.</strong></span> 
     </span>
    </p>

    <p class='ocr_par' dir='ltr' id='par_1_5' title="bbox 197 4023 1276 4205">
     <span class='ocr_line' id='line_1_36' title="bbox 282 4023 1276 4100; baseline 0.002 -20"><span class='ocrx_word' id='word_1_304' title='bbox 282 4023 444 4100; x_wconf 87' lang='lat' dir='ltr'><strong>Postquam</strong></span> <span class='ocrx_word' id='word_1_305' title='bbox 467 4023 543 4082; x_wconf 89' lang='lat' dir='ltr'><strong>hane</strong></span> <span class='ocrx_word' id='word_1_306' title='bbox 567 4041 650 4082; x_wconf 86' lang='lat' dir='ltr'><strong>suam</strong></span> <span class='ocrx_word' id='word_1_307' title='bbox 669 4024 954 4100; x_wconf 84' lang='lat' dir='ltr'><strong>argumentationem</strong></span> <span class='ocrx_word' id='word_1_308' title='bbox 978 4023 1107 4086; x_wconf 73' lang='lat' dir='ltr'><strong>Quintus</strong></span> <span class='ocrx_word' id='word_1_309' title='bbox 1131 4023 1276 4100; x_wconf 86' lang='lat' dir='ltr'><strong>exemplis</strong></span> 
     </span>
     <span class='ocr_line' id='line_1_37' title="bbox 197 4123 1276 4205; baseline -0.001 -19"><span class='ocrx_word' id='word_1_310' title='bbox 197 4123 376 4197; x_wconf 88' lang='lat' dir='ltr'><strong>illustravit,</strong></span> <span class='ocrx_word' id='word_1_311' title='bbox 398 4126 496 4198; x_wconf 79' lang='lat' dir='ltr'><strong>denuo</strong></span> <span class='ocrx_word' id='word_1_312' title='bbox 515 4127 642 4197; x_wconf 81' lang='lat' dir='ltr'><strong>refutat,</strong></span> <span class='ocrx_word' id='word_1_313' title='bbox 663 4145 739 4204; x_wconf 89' lang='lat' dir='ltr'><strong>quae</strong></span> <span class='ocrx_word' id='word_1_314' title='bbox 756 4127 921 4186; x_wconf 80' lang='lat' dir='ltr'><strong>Carneades</strong></span> <span class='ocrx_word' id='word_1_315' title='bbox 938 4126 1084 4186; x_wconf 89' lang='lat' dir='ltr'><strong>obioiebat</strong></span> <span class='ocrx_word' id='word_1_316' title='bbox 1103 4125 1133 4205; x_wconf 68' lang='lat'><strong>(5</strong></span> <span class='ocrx_word' id='word_1_317' title='bbox 1153 4125 1223 4202; x_wconf 72' lang='lat'><strong>23),</strong></span> <span class='ocrx_word' id='word_1_318' title='bbox 1245 4129 1276 4186; x_wconf 88' lang='lat' dir='ltr'><strong>st</strong></span> 
     </span>
    </p>

    <p class='ocr_par' dir='ltr' id='par_1_6' title="bbox 174 4226 1276 4308">
     <span class='ocr_line' id='line_1_38' title="bbox 174 4226 1276 4308; baseline 0.002 -22"><span class='ocrx_word' id='word_1_319' title='bbox 174 4281 176 4286; x_wconf 90' lang='lat'><em>.</em></span> <span class='ocrx_word' id='word_1_320' title='bbox 199 4229 325 4303; x_wconf 89' lang='lat' dir='ltr'><strong>probare</strong></span> <span class='ocrx_word' id='word_1_321' title='bbox 342 4229 457 4302; x_wconf 88' lang='lat' dir='ltr'><strong>studet,</strong></span> <span class='ocrx_word' id='word_1_322' title='bbox 487 4247 584 4308; x_wconf 88' lang='lat' dir='ltr'><strong>neque</strong></span> <span class='ocrx_word' id='word_1_323' title='bbox 607 4229 744 4304; x_wconf 87' lang='lat' dir='ltr'><strong>exempla</strong></span> <span class='ocrx_word' id='word_1_324' title='bbox 762 4232 842 4292; x_wconf 86' lang='lat' dir='ltr'><strong>reate</strong></span> <span class='ocrx_word' id='word_1_325' title='bbox 861 4227 1018 4288; x_wconf 88' lang='lat' dir='ltr'><strong>divinandi</strong></span> <span class='ocrx_word' id='word_1_326' title='bbox 1041 4227 1122 4288; x_wconf 85' lang='lat' dir='ltr'><strong>easui</strong></span> <span class='ocrx_word' id='word_1_327' title='bbox 1141 4247 1205 4288; x_wconf 87' lang='lat' dir='ltr'><strong>esse</strong></span> <span class='ocrx_word' id='word_1_328' title='bbox 1222 4226 1276 4288; x_wconf 80' lang='lat' dir='ltr'><strong>trt-</strong></span> 
     </span>
    </p>
   </div>
   <div class='ocr_carea' id='block_1_4' title="bbox 0 0 1562 5018">
    <p class='ocr_par' dir='ltr' id='par_1_7' title="bbox 0 0 1562 5018">
     <span class='ocr_line' id='line_1_39' title="bbox 0 0 1562 5018; baseline 0 0"><span class='ocrx_word' id='word_1_329' title='bbox 0 0 1562 5018; x_wconf 95' lang='lat' dir='ltr'><strong> </strong></span> 
     </span>
    </p>
   </div>
  </div>
 </body>
</html>
