3106 5018
732 417 774 482 35

214 571 293 628 Nam
318 569 407 629 initio
430 587 455 628 o.
472 575 511 627 22
535 570 637 630 Cicero
668 576 784 631 ostenta
812 577 925 631 restare
953 570 1027 629 dicit
1052 575 1083 629 et
1111 589 1146 629 ea
1172 571 1294 642 refutat,

213 665 348 733 breviter
375 671 508 752 quidem,
538 677 670 732 attamen
698 673 757 746 ita,
786 679 820 732 ut
847 674 884 732 ad
914 667 1175 732 demonstrandum
1200 667 1291 752 'quam

215 791 356 851 perversa
378 775 418 833 sit
439 795 478 834 ex
504 774 543 834 iis
563 775 725 849 divinatio,
757 776 829 834 satls
849 769 963 834 dictum
988 793 1052 834 esse
1079 770 1175 852 possit
1201 778 1291 854 atque

214 881 364 954 appareat,
386 877 529 936 Graecam
551 877 587 935 de
604 895 639 936 ea
659 896 693 936 re
710 877 941 953 disputationem
956 877 1152 954 copiosiorem
1174 877 1290 936 aCioe·

214 997 287 1038 rone
308 997 372 1037 esse
403 971 594 1038 contractam.
638 978 743 1052 Pergit
764 978 886 1038 deinde:
917 981 987 1050 „sed
1010 980 1081 1057 quid
1107 976 1231 1056 plura?“
1260 981 1291 1036 et

212 1085 359 1157 putamus,
380 1080 642 1156 reprehensionem
665 1075 848 1139 ostentorum
870 1099 935 1139 esse
956 1081 1081 1139 finitam.
1124 1081 1243 1138 Tamea
1256 1079 1289 1137 in

213 1181 273 1242 flue
295 1201 319 1240 a.
337 1187 376 1240 24
400 1179 416 1260 5
435 1187 473 1241 53
495 1182 637 1256 legimus:
659 1183 730 1255 „sed
744 1177 994 1261 haec'hactenus;
1017 1177 1098 1240 nuria
1120 1182 1157 1240 ad
1173 1179 1291 1240 ostenta

196 1282 394 1356 'veniamus‘fl
424 1283 507 1363 quasi
530 1283 607 1342 nihil
629 1285 726 1343 adhuc
749 1283 784 1343 de
808 1285 932 1344 ostentis
954 1284 1080 1343 dixisset
1099 1282 1229 1355 Tullius,
1259 1287 1290 1340 et

213 1385 347 1464 sequitur
377 1381 419 1443 da'
441 1384 480 1444 iis
508 1385 669 1463 disputatio
698 1385 914 1462 copiosissima,
949 1404 1048 1466 quam'
1066 1384 1085 1464 5
1101 1384 1140 1444 70
1172 1385 1290 1442 demam

211 1487 324 1547 verbis:
346 1487 438 1561 „sctis
459 1487 553 1546 multa
574 1488 611 1546 de
634 1489 778 1548 ostentis“
800 1487 859 1547 alia
876 1489 989 1564 excipit
1011 1487 1153 1566 oniasque
1176 1503 1289 1547 summa

211 1588 313 1665 paucis
333 1587 437 1650 verbio
460 1589 519 1648 iam
543 1609 566 1649 c.
586 1595 624 1648 22
649 1595 714 1649 erat
735 1591 901 1667 exposita·
923 1591 959 1648 Id
981 1579 1170 1648 manifestum
1200 1591 1236 1648 fit
1263 1589 1289 1646 si

168 1681 170 1685 ’
211 1683 399 1770 comparatur
426 1709 493 1750 oum
515 1710 539 1750 c.
555 1697 595 1748 22
626 1692 813 1768 potissimum
840 1692 928 1770 561,
958 1691 1011 1750 uhi
1037 1691 1127 1750 etiarn
1156 1690 1285 1766 exempli

211 1791 362 1869 superiore
383 1799 468 1871 parte
489 1792 628 1866 refutati,
651 1799 754 1870 partus
776 1793 887 1867 mulae,
916 1795 1026 1853 iterum
1048 1792 1159 1852 mentio
1181 1793 1229 1864 fit,
1252 1797 1287 1850 ut

210 1900 360 1972 appareat,
383 1895 473 1954 etiam
487 1897 565 1973 apud
581 1894 796 1955 Clitomachum
813 1897 872 1954 hoc
887 1896 1055 1972 exemplum
1078 1893 1221 1954 extitisse.
1244 1927 1287 1978 5-

210 1997 334 2056 Accedit
349 1999 427 2076 quod
443 1998 545 2058 Cicero
563 2004 666 2056 contra
682 1999 924 2058 consuetudinem
940 2018 1024 2057 suam
1036 1997 1172 2072 legentes
1185 1996 1286 2055 multis
1366 2075 1369 2079 .

207 2099 307 2161 verbis
337 2101 490 2172 admonet,
521 2118 552 2157 se
581 2099 784 2159 narrationem
810 2101 893 2159 illam
922 2101 959 2160 de
985 2099 1195 2176 haruspicinae
1211 2103 1287 2158 ortu

210 2201 321 2260 habere
344 2223 382 2260 ex
403 2203 598 2260 Etruscorum
624 2201 756 2278 ipsorum
783 2202 870 2261 libris
898 2202 1054 2263 volcerts
1076 2202 1158 2262 illam
1183 2201 1217 2260 in
1237 2201 1286 2260 his

211 2309 345 2376 exstare,
362 2294 442 2362 ‘curn
465 2303 545 2363 dicat
566 2302 596 2382 (5
616 2305 683 2380 50):
718 2303 810 2378 ,',haec
836 2305 1003 2381 accepimus
1032 2306 1074 2363 ab
1093 2304 1182 2382 ipsis,
1213 2306 1287 2364 haec

207 2405 319 2482 scripta
337 2411 522 2479 conservant,
545 2403 755 2465 huno'fontem
768 2409 881 2466 habent
896 2406 1099 2485 discipliuae.“
1142 2407 1187 2464 Ea
1202 2406 1285 2465 deni·

195 2526 265 2587 ¹que
285 2508 391 2588 verba,
414 2527 489 2587 quae
511 2514 580 2586 post
601 2510 675 2568 haec
695 2509 853 2583 leguntur:
878 2529 969 2582 „num
991 2528 1061 2582 ergo
1084 2528 1158 2585 opus
1180 2508 1285 2566 estad

206 2609 280 2668 haec
300 2608 464 2668 refellenda
486 2609 657 2670 Carneade?
679 2627 751 2669 num
772 2611 902 2687 Epicuro
911 2610 942 2669 ?‘.‘
967 2611 1179 2680 demonstrant,
1202 2593 1284 2667 Cice·

206 2729 310 2770 rorem
324 2712 506 2786 argumentis
519 2713 696 2780 Carneadeis
709 2713 825 2791 reliquo
839 2713 917 2773 libro
929 2713 966 2770 ad
979 2711 1158 2772 refellendos
1168 2711 1283 2770 Stoicos
1373 2759 1379 2769 .

206 2811 280 2887 uti,'
298 2814 376 2874 libro
404 2814 498 2888 igitur
526 2815 627 2894 aliquo
659 2815 834 2876 Clitomachi
863 2848 905 2858 —
931 2815 1146 2892 Epicureorum
1171 2814 1284 2891 scripta

209 2915 311 2976 Cicero
325 2937 386 2976 nou
398 2916 536 2976 adhibuit
549 2918 607 2975 nisi
621 2918 657 2976 ad
671 2917 891 2994 philosophiam
906 2937 1007 2975 eorum
1021 2917 1227 2997 exponendam
1236 2947 1283 2987 -·-‚

208 3017 241 3076 in
262 3020 319 3078 hac
340 3026 439 3080 autem
461 3025 545 3096 parte
568 3018 777 3097 disputationis
804 3037 874 3076 suae
896 3018 1112 3077 Clitomachum
1137 3018 1281 3078 deserere.

153 3170 156 3174 .
207 3121 273 3190 Iam
296 3124 462 3202 quaeritur,
492 3123 571 3201 apud
593 3115 876 3201 quem'soriptorem
898 3120 1000 3180 Cicero
1027 3125 1125 3180 ortum
1146 3120 1283 3196 haruspi-

208 3223 293 3284 cinae
315 3231 468 3286 narratum
492 3225 658 3296 invenerit;
688 3243 753 3284 eam
781 3228 881 3283 autem
903 3223 1107 3302 quaestionem
1132 3223 1167 3282 in
1194 3223 1284 3284 aliam

210 3329 466 3388 commentationis
487 3349 571 3388 meaa
597 3315 713 3406 partem
735 3327 926 3400 differopne
950 3326 1001 3386 hic
1031 3327 1126 3386 oratio
1154 3325 1243 3385 nimis
1265 3346 1282 3387 a

209 3423 416 3501 perlustrando
438 3430 517 3488 libro
538 3430 729 3504 digrediatur.
890 3426 893 3434 ’
1178 3435 1181 3442 ’
1270 3439 1273 3444 ‘

217 3541 220 3548 '
289 3527 358 3604 555
376 3528 478 3587 Cicero
490 3531 650 3607 vituperat,
673 3533 752 3611 quod
764 3531 813 3611 qui
830 3551 868 3590 ex
880 3529 1005 3589 ostentis
1016 3529 1160 3604 divinent,
1176 3527 1284 3591 horum

212 3645 329 3687 causam
357 3648 419 3689 non
447 3636 599 3708 quaerant.
650 3633 730 3692 Huic
756 3653 873 3714 quoque
902 3631 1060 3710 opprobrio
1089 3633 1284 3692 Posidonium

211 3729 328 3808 copiose
344 3731 507 3791 occurrisse
521 3738 646 3810 apparet
660 3754 698 3794 ex
712 3734 764 3794 l.1
786 3735 802 3814 5
823 3741 945 3813 12--16
964 3738 995 3793 et
1012 3739 1060 3792 35.
1098 3734 1197 3812 thue
1212 3734 1283 3792 iude

211 3831 320 3906 elucet,
348 3833 477 3893 'l'ullium
499 3835 699 3912 disputatione
722 3837 758 3896 de
782 3845 849 3898 ortu
865 3833 1073 3915 haruspicinae
1089 3834 1224 3895 absoluta
1245 3837 1283 3894 ad

178 3939 180 3944 '
211 3933 427 3996 Clitomachum
441 3926 579 4010 rediisse,
601 3943 636 3997 ut
657 3931 850 3999 divinationis
873 3933 916 4000 ex'
927 3939 1051 3999 ostentis
1073 3937 1283 3998 refutationem

211 4037 307 4098 denuo
330 4043 419 4119 atque
436 4024 520 4100 ‘nunc
542 4040 689 4117 copiosius
702 4041 893 4119 institueret,
917 4042 959 4102 sic
982 4042 1071 4103 etiam
1093 4039 1284 4120 consequitur

202 4159 250 4200 -ex
268 4143 546 4203 commemoratione
559 4143 725 4204 Democriti
741 4142 806 4219 (57)
830 4139 947 4219 ¹saepius
968 4143 999 4202 iu
1014 4143 1093 4202 h'bro
1115 4141 1209 4202 altero
1231 4162 1282 4221 ap-

212 4241 332 4317 pellati,
361 4241 448 4304 cuius
465 4245 576 4322 scripta
598 4246 770 4306 Ciceronem
799 4243 896 4320 ipsum
922 4245 960 4302 ad
986 4245 1095 4306 librum
1123 4265 1208 4304 suum
1236 4265 1282 4305 cr-

1033 4345 1078 4404 3¹¹*
