<?xml version="1.0" encoding="UTF-8"?>
<!DOCTYPE html PUBLIC "-//W3C//DTD XHTML 1.0 Transitional//EN"
    "http://www.w3.org/TR/xhtml1/DTD/xhtml1-transitional.dtd">
<html xmlns="http://www.w3.org/1999/xhtml" xml:lang="en" lang="en">
 <head>
  <title>
</title>
<meta http-equiv="Content-Type" content="text/html;charset=utf-8" />
  <meta name='ocr-system' content='tesseract 3.04.00' />
  <meta name='ocr-capabilities' content='ocr_page ocr_carea ocr_par ocr_line ocrx_word'/>
</head>
<body>
  <div class='ocr_page' id='page_1' title='image "./defontibuslibro00schigoog_0044.png"; bbox 0 0 3106 5018; ppageno 0'>
   <div class='ocr_carea' id='block_1_1' title="bbox 722 429 765 496">
    <p class='ocr_par' dir='ltr' id='par_1_1' title="bbox 722 429 765 496">
     <span class='ocr_line' id='line_1_1' title="bbox 722 429 765 496; baseline 0 0"><span class='ocrx_word' id='word_1_1' title='bbox 722 429 765 496; x_wconf 78' lang='lat'>33</span> 
     </span>
    </p>
   </div>
   <div class='ocr_carea' id='block_1_2' title="bbox 204 585 1291 3216">
    <p class='ocr_par' dir='ltr' id='par_1_2' title="bbox 204 585 1285 1582">
     <span class='ocr_line' id='line_1_2' title="bbox 206 585 1279 668; baseline 0.002 -20"><span class='ocrx_word' id='word_1_2' title='bbox 206 605 304 668; x_wconf 86' lang='lat' dir='ltr'>nequa</span> <span class='ocrx_word' id='word_1_3' title='bbox 313 585 529 646; x_wconf 72' lang='lat' dir='ltr'>chaldaeorum</span> <span class='ocrx_word' id='word_1_4' title='bbox 543 585 656 645; x_wconf 82' lang='lat' dir='ltr'>mentio</span> <span class='ocrx_word' id='word_1_5' title='bbox 670 585 771 660; x_wconf 78' lang='lat' dir='ltr'>flonet3</span> <span class='ocrx_word' id='word_1_6' title='bbox 786 585 877 645; x_wconf 89' lang='lat' dir='ltr'>immo</span> <span class='ocrx_word' id='word_1_7' title='bbox 891 591 1009 646; x_wconf 83' lang='lat' dir='ltr'>tantum</span> <span class='ocrx_word' id='word_1_8' title='bbox 1022 589 1117 662; x_wconf 83' lang='lat' dir='ltr'>abest,</span> <span class='ocrx_word' id='word_1_9' title='bbox 1132 589 1279 650; x_wconf 75' lang='lat' dir='ltr'>didicero</span> 
     </span>
     <span class='ocr_line' id='line_1_3' title="bbox 204 673 1281 771; baseline 0.002 -21"><span class='ocrx_word' id='word_1_10' title='bbox 204 693 285 750; x_wconf 86' lang='lat' dir='ltr'>-hano</span> <span class='ocrx_word' id='word_1_11' title='bbox 309 688 489 751; x_wconf 78' lang='lat' dir='ltr'>divisionem</span> <span class='ocrx_word' id='word_1_12' title='bbox 517 692 570 748; x_wconf 85' lang='lat' dir='ltr'>ant</span> <span class='ocrx_word' id='word_1_13' title='bbox 595 673 692 747; x_wconf 82' lang='lat' dir='ltr'>tntum</span> <span class='ocrx_word' id='word_1_14' title='bbox 713 688 839 748; x_wconf 79' lang='lat' dir='ltr'>sitarum</span> <span class='ocrx_word' id='word_1_15' title='bbox 865 685 976 748; x_wconf 83' lang='lat' dir='ltr'>librum</span> <span class='ocrx_word' id='word_1_16' title='bbox 997 689 1190 771; x_wconf 77' lang='lat' dir='ltr'>neglegenter</span> <span class='ocrx_word' id='word_1_17' title='bbox 1212 711 1281 752; x_wconf 88' lang='lat' dir='ltr'>eon·</span> 
     </span>
     <span class='ocr_line' id='line_1_4' title="bbox 205 789 1283 872; baseline 0 -18"><span class='ocrx_word' id='word_1_18' title='bbox 205 792 328 864; x_wconf 80' lang='lat' dir='ltr'>iecerit,</span> <span class='ocrx_word' id='word_1_19' title='bbox 356 795 391 852; x_wconf 90' lang='lat' dir='ltr'>ut</span> <span class='ocrx_word' id='word_1_20' title='bbox 412 795 549 850; x_wconf 75' lang='lat' dir='ltr'>accusate</span> <span class='ocrx_word' id='word_1_21' title='bbox 571 789 700 864; x_wconf 74' lang='lat' dir='ltr'>suetonis</span> <span class='ocrx_word' id='word_1_22' title='bbox 726 789 771 849; x_wconf 85' lang='lat' dir='ltr'>sni</span> <span class='ocrx_word' id='word_1_23' title='bbox 795 790 970 850; x_wconf 79' lang='lat' dir='ltr'>divisionem</span> <span class='ocrx_word' id='word_1_24' title='bbox 992 791 1140 867; x_wconf 67' lang='lat' dir='ltr'>integram</span> <span class='ocrx_word' id='word_1_25' title='bbox 1160 812 1283 872; x_wconf 67' lang='lat' dir='ltr'>supras-</span> 
     </span>
     <span class='ocr_line' id='line_1_5' title="bbox 209 891 1284 976; baseline 0.002 -22"><span class='ocrx_word' id='word_1_26' title='bbox 209 894 289 967; x_wconf 87' lang='lat' dir='ltr'>serit,</span> <span class='ocrx_word' id='word_1_27' title='bbox 312 893 446 952; x_wconf 84' lang='lat' dir='ltr'>ordinem</span> <span class='ocrx_word' id='word_1_28' title='bbox 462 892 525 951; x_wconf 86' lang='lat' dir='ltr'>eius</span> <span class='ocrx_word' id='word_1_29' title='bbox 544 892 604 951; x_wconf 88' lang='lat' dir='ltr'>suis</span> <span class='ocrx_word' id='word_1_30' title='bbox 619 891 828 950; x_wconf 78' lang='lat' dir='ltr'><strong>additamentis</strong></span> <span class='ocrx_word' id='word_1_31' title='bbox 843 911 903 951; x_wconf 91' lang='lat' dir='ltr'>non</span> <span class='ocrx_word' id='word_1_32' title='bbox 918 895 1050 952; x_wconf 80' lang='lat' dir='ltr'>turbans.</span> <span class='ocrx_word' id='word_1_33' title='bbox 1095 895 1284 976; x_wconf 81' lang='lat' dir='ltr'>Omninoque</span> 
     </span>
     <span class='ocr_line' id='line_1_6' title="bbox 207 990 1283 1070; baseline 0.002 -15"><span class='ocrx_word' id='word_1_34' title='bbox 207 997 240 1055; x_wconf 92' lang='lat' dir='ltr'>id</span> <span class='ocrx_word' id='word_1_35' title='bbox 254 995 350 1070; x_wconf 77' lang='lat' dir='ltr'>egisse</span> <span class='ocrx_word' id='word_1_36' title='bbox 371 993 498 1067; x_wconf 78' lang='lat' dir='ltr'>uidetur,</span> <span class='ocrx_word' id='word_1_37' title='bbox 520 1000 556 1053; x_wconf 90' lang='lat' dir='ltr'>nt</span> <span class='ocrx_word' id='word_1_38' title='bbox 568 990 638 1053; x_wconf 83' lang='lat' dir='ltr'><strong>libri</strong></span> <span class='ocrx_word' id='word_1_39' title='bbox 654 993 760 1052; x_wconf 80' lang='lat' dir='ltr'>Giaoci</span> <span class='ocrx_word' id='word_1_40' title='bbox 777 993 940 1069; x_wconf 85' lang='lat' dir='ltr'>speciosam</span> <span class='ocrx_word' id='word_1_41' title='bbox 955 994 1044 1054; x_wconf 86' lang='lat' dir='ltr'>etium</span> <span class='ocrx_word' id='word_1_42' title='bbox 1065 997 1198 1070; x_wconf 77' lang='lat' dir='ltr'>formam,</span> <span class='ocrx_word' id='word_1_43' title='bbox 1222 1019 1283 1057; x_wconf 87' lang='lat' dir='ltr'>non</span> 
     </span>
     <span class='ocr_line' id='line_1_7' title="bbox 209 1094 1283 1176; baseline 0 -18"><span class='ocrx_word' id='word_1_44' title='bbox 209 1098 304 1158; x_wconf 79' lang='lat' dir='ltr'>colum</span> <span class='ocrx_word' id='word_1_45' title='bbox 326 1095 491 1154; x_wconf 78' lang='lat' dir='ltr'>sententias</span> <span class='ocrx_word' id='word_1_46' title='bbox 512 1096 668 1156; x_wconf 72' lang='lat' dir='ltr'>exhiberet</span> <span class='ocrx_word' id='word_1_47' title='bbox 689 1100 779 1174; x_wconf 82' lang='lat' dir='ltr'>utque</span> <span class='ocrx_word' id='word_1_48' title='bbox 805 1094 858 1153; x_wconf 83' lang='lat' dir='ltr'>illa</span> <span class='ocrx_word' id='word_1_49' title='bbox 879 1100 997 1154; x_wconf 81' lang='lat' dir='ltr'>servate</span> <span class='ocrx_word' id='word_1_50' title='bbox 1023 1098 1078 1155; x_wconf 81' lang='lat' dir='ltr'>hus</span> <span class='ocrx_word' id='word_1_51' title='bbox 1100 1099 1190 1157; x_wconf 87' lang='lat' dir='ltr'>etiam</span> <span class='ocrx_word' id='word_1_52' title='bbox 1214 1119 1283 1176; x_wconf 82' lang='lat' dir='ltr'>pto-</span> 
     </span>
     <span class='ocr_line' id='line_1_8' title="bbox 208 1195 1285 1275; baseline 0.001 -16"><span class='ocrx_word' id='word_1_53' title='bbox 208 1198 369 1260; x_wconf 87' lang='lat' dir='ltr'>bsbiliorea</span> <span class='ocrx_word' id='word_1_54' title='bbox 390 1197 536 1258; x_wconf 75' lang='lat' dir='ltr'>redderet</span> <span class='ocrx_word' id='word_1_55' title='bbox 580 1198 692 1257; x_wconf 73' lang='lat' dir='ltr'>contra</span> <span class='ocrx_word' id='word_1_56' title='bbox 716 1197 750 1254; x_wconf 91' lang='lat' dir='ltr'>in</span> <span class='ocrx_word' id='word_1_57' title='bbox 770 1195 848 1254; x_wconf 86' lang='lat' dir='ltr'>libro</span> <span class='ocrx_word' id='word_1_58' title='bbox 875 1197 975 1272; x_wconf 82' lang='lat' dir='ltr'>priore</span> <span class='ocrx_word' id='word_1_59' title='bbox 1003 1204 1127 1275; x_wconf 82' lang='lat' dir='ltr'>propter</span> <span class='ocrx_word' id='word_1_60' title='bbox 1150 1201 1285 1260; x_wconf 85' lang='lat' dir='ltr'>ordinem</span> 
     </span>
     <span class='ocr_line' id='line_1_9' title="bbox 210 1297 1284 1378; baseline 0 -17"><span class='ocrx_word' id='word_1_61' title='bbox 210 1303 362 1363; x_wconf 83' lang='lat' dir='ltr'>inversum</span> <span class='ocrx_word' id='word_1_62' title='bbox 388 1305 420 1358; x_wconf 87' lang='lat' dir='ltr'>ct</span> <span class='ocrx_word' id='word_1_63' title='bbox 446 1315 583 1372; x_wconf 77' lang='lat' dir='ltr'>magnam</span> <span class='ocrx_word' id='word_1_64' title='bbox 610 1297 814 1375; x_wconf 79' lang='lat' dir='ltr'>exemplorum</span> <span class='ocrx_word' id='word_1_65' title='bbox 844 1299 974 1374; x_wconf 84' lang='lat' dir='ltr'>copiam,</span> <span class='ocrx_word' id='word_1_66' title='bbox 1003 1317 1079 1378; x_wconf 86' lang='lat' dir='ltr'>quae</span> <span class='ocrx_word' id='word_1_67' title='bbox 1103 1302 1284 1378; x_wconf 77' lang='lat' dir='ltr'>semipsum</span> 
     </span>
     <span class='ocr_line' id='line_1_10' title="bbox 211 1399 1285 1488; baseline 0.001 -26"><span class='ocrx_word' id='word_1_68' title='bbox 211 1402 325 1474; x_wconf 86' lang='lat' dir='ltr'>obruit,</span> <span class='ocrx_word' id='word_1_69' title='bbox 354 1402 414 1462; x_wconf 78' lang='lat' dir='ltr'>iam</span> <span class='ocrx_word' id='word_1_70' title='bbox 433 1402 531 1460; x_wconf 84' lang='lat' dir='ltr'>forma</span> <span class='ocrx_word' id='word_1_71' title='bbox 551 1399 684 1488; x_wconf 75' lang='lat' dir='ltr'>neglecta</span> <span class='ocrx_word' id='word_1_72' title='bbox 703 1399 830 1460; x_wconf 84' lang='lat' dir='ltr'>lectores</span> <span class='ocrx_word' id='word_1_73' title='bbox 851 1399 1054 1474; x_wconf 69' lang='lat' dir='ltr'>damnentur,</span> <span class='ocrx_word' id='word_1_74' title='bbox 1077 1421 1116 1461; x_wconf 89' lang='lat' dir='ltr'>ne</span> <span class='ocrx_word' id='word_1_75' title='bbox 1137 1423 1201 1462; x_wconf 85' lang='lat' dir='ltr'>rem</span> <span class='ocrx_word' id='word_1_76' title='bbox 1222 1423 1285 1463; x_wconf 82' lang='lat' dir='ltr'>am·</span> 
     </span>
     <span class='ocr_line' id='line_1_11' title="bbox 210 1505 386 1582; baseline -0.017 -18"><span class='ocrx_word' id='word_1_77' title='bbox 210 1505 386 1582; x_wconf 81' lang='lat' dir='ltr'>plectantur.</span> 
     </span>
    </p>

    <p class='ocr_par' dir='ltr' id='par_1_3' title="bbox 210 1604 1290 2808">
     <span class='ocr_line' id='line_1_12' title="bbox 295 1604 1286 1686; baseline 0 -20"><span class='ocrx_word' id='word_1_78' title='bbox 295 1604 600 1666; x_wconf 68' lang='lat' dir='ltr'>Animadvertendum</span> <span class='ocrx_word' id='word_1_79' title='bbox 621 1604 729 1663; x_wconf 85' lang='lat' dir='ltr'>deinde</span> <span class='ocrx_word' id='word_1_80' title='bbox 750 1605 801 1663; x_wconf 91' lang='lat' dir='ltr'>hic</span> <span class='ocrx_word' id='word_1_81' title='bbox 824 1623 940 1684; x_wconf 85' lang='lat' dir='ltr'>quoque</span> <span class='ocrx_word' id='word_1_82' title='bbox 963 1609 1008 1664; x_wconf 86' lang='lat' dir='ltr'>est</span> <span class='ocrx_word' id='word_1_83' title='bbox 1030 1604 1080 1683; x_wconf 84' lang='lat' dir='ltr'>(oi.</span> <span class='ocrx_word' id='word_1_84' title='bbox 1099 1627 1128 1684; x_wconf 89' lang='lat' dir='ltr'>p.</span> <span class='ocrx_word' id='word_1_85' title='bbox 1147 1608 1209 1686; x_wconf 81' lang='lat'>80),</span> <span class='ocrx_word' id='word_1_86' title='bbox 1233 1627 1286 1685; x_wconf 82' lang='lat' dir='ltr'>op·</span> 
     </span>
     <span class='ocr_line' id='line_1_13' title="bbox 210 1705 1286 1786; baseline 0 -17"><span class='ocrx_word' id='word_1_87' title='bbox 210 1707 399 1786; x_wconf 83' lang='lat' dir='ltr'>probricrum</span> <span class='ocrx_word' id='word_1_88' title='bbox 420 1705 491 1766; x_wconf 87' lang='lat' dir='ltr'>huie</span> <span class='ocrx_word' id='word_1_89' title='bbox 513 1705 653 1767; x_wconf 80' lang='lat' dir='ltr'>divisioni</span> <span class='ocrx_word' id='word_1_90' title='bbox 676 1707 882 1766; x_wconf 82' lang='lat' dir='ltr'>adiuncturum</span> <span class='ocrx_word' id='word_1_91' title='bbox 904 1707 1050 1766; x_wconf 78' lang='lat' dir='ltr'>rationem</span> <span class='ocrx_word' id='word_1_92' title='bbox 1071 1709 1130 1766; x_wconf 83' lang='lat' dir='ltr'>ism</span> <span class='ocrx_word' id='word_1_93' title='bbox 1152 1710 1286 1768; x_wconf 83' lang='lat' dir='ltr'>habitum</span> 
     </span>
     <span class='ocr_line' id='line_1_14' title="bbox 213 1808 1286 1887; baseline 0 -17"><span class='ocrx_word' id='word_1_94' title='bbox 213 1832 276 1871; x_wconf 89' lang='lat' dir='ltr'>esso</span> <span class='ocrx_word' id='word_1_95' title='bbox 303 1810 399 1872; x_wconf 83' lang='lat' dir='ltr'>videri</span> <span class='ocrx_word' id='word_1_96' title='bbox 423 1809 456 1868; x_wconf 91' lang='lat' dir='ltr'>in</span> <span class='ocrx_word' id='word_1_97' title='bbox 482 1809 560 1868; x_wconf 85' lang='lat' dir='ltr'>libro</span> <span class='ocrx_word' id='word_1_98' title='bbox 581 1809 695 1887; x_wconf 81' lang='lat' dir='ltr'>priore:</span> <span class='ocrx_word' id='word_1_99' title='bbox 725 1810 762 1868; x_wconf 93' lang='lat' dir='ltr'>de</span> <span class='ocrx_word' id='word_1_100' title='bbox 789 1808 969 1869; x_wconf 86' lang='lat' dir='ltr'>testimoniis</span> <span class='ocrx_word' id='word_1_101' title='bbox 996 1812 1156 1870; x_wconf 88' lang='lat' dir='ltr'>secundum</span> <span class='ocrx_word' id='word_1_102' title='bbox 1181 1813 1286 1871; x_wconf 78' lang='lat' dir='ltr'>adver-</span> 
     </span>
     <span class='ocr_line' id='line_1_15' title="bbox 213 1911 1287 1989; baseline 0.001 -16"><span class='ocrx_word' id='word_1_103' title='bbox 213 1913 357 1973; x_wconf 83' lang='lat' dir='ltr'>sariorum</span> <span class='ocrx_word' id='word_1_104' title='bbox 379 1912 558 1972; x_wconf 88' lang='lat' dir='ltr'>sententiam</span> <span class='ocrx_word' id='word_1_105' title='bbox 580 1929 650 1970; x_wconf 80' lang='lat' dir='ltr'>casu</span> <span class='ocrx_word' id='word_1_106' title='bbox 670 1911 750 1973; x_wconf 81' lang='lat' dir='ltr'>veris</span> <span class='ocrx_word' id='word_1_107' title='bbox 772 1931 947 1989; x_wconf 84' lang='lat' dir='ltr'>responsum</span> <span class='ocrx_word' id='word_1_108' title='bbox 967 1911 1029 1971; x_wconf 82' lang='lat' dir='ltr'>iliis</span> <span class='ocrx_word' id='word_1_109' title='bbox 1051 1921 1096 1971; x_wconf 86' lang='lat' dir='ltr'>est</span> <span class='ocrx_word' id='word_1_110' title='bbox 1112 1915 1136 1982; x_wconf 87' lang='grc' dir='ltr'>Ι,</span> <span class='ocrx_word' id='word_1_111' title='bbox 1160 1920 1210 1986; x_wconf 81' lang='lat'>23,</span> <span class='ocrx_word' id='word_1_112' title='bbox 1232 1916 1287 1974; x_wconf 88' lang='lat' dir='ltr'>im-</span> 
     </span>
     <span class='ocr_line' id='line_1_16' title="bbox 212 2012 1286 2094; baseline 0 -19"><span class='ocrx_word' id='word_1_113' title='bbox 212 2013 316 2094; x_wconf 79' lang='lat' dir='ltr'>primis</span> <span class='ocrx_word' id='word_1_114' title='bbox 337 2015 386 2072; x_wconf 85' lang='lat' dir='ltr'>his</span> <span class='ocrx_word' id='word_1_115' title='bbox 406 2013 521 2075; x_wconf 79' lang='lat' dir='ltr'>verbis:</span> <span class='ocrx_word' id='word_1_116' title='bbox 547 2012 610 2085; x_wconf 88' lang='lat' dir='ltr'>„sic</span> <span class='ocrx_word' id='word_1_117' title='bbox 632 2013 711 2071; x_wconf 89' lang='lat' dir='ltr'>enim</span> <span class='ocrx_word' id='word_1_118' title='bbox 733 2033 765 2070; x_wconf 91' lang='lat' dir='ltr'>se</span> <span class='ocrx_word' id='word_1_119' title='bbox 786 2016 919 2088; x_wconf 84' lang='lat' dir='ltr'>proiecto</span> <span class='ocrx_word' id='word_1_120' title='bbox 942 2033 990 2073; x_wconf 87' lang='lat' dir='ltr'>ros</span> <span class='ocrx_word' id='word_1_121' title='bbox 1011 2015 1116 2084; x_wconf 84' lang='lat' dir='ltr'>habet,</span> <span class='ocrx_word' id='word_1_122' title='bbox 1146 2021 1180 2074; x_wconf 91' lang='lat' dir='ltr'>ut</span> <span class='ocrx_word' id='word_1_123' title='bbox 1202 2037 1286 2075; x_wconf 92' lang='lat' dir='ltr'>num·</span> 
     </span>
     <span class='ocr_line' id='line_1_17' title="bbox 214 2114 1287 2196; baseline 0 -21"><span class='ocrx_word' id='word_1_124' title='bbox 214 2135 301 2196; x_wconf 81' lang='lat' dir='ltr'>quom</span> <span class='ocrx_word' id='word_1_125' title='bbox 321 2117 498 2194; x_wconf 82' lang='lat' dir='ltr'>perfecto</span> <span class='ocrx_word' id='word_1_126' title='bbox 519 2115 677 2176; x_wconf 71' lang='lat' dir='ltr'>verimtom</span> <span class='ocrx_word' id='word_1_127' title='bbox 699 2133 783 2174; x_wconf 83' lang='lat' dir='ltr'>casus</span> <span class='ocrx_word' id='word_1_128' title='bbox 804 2114 973 2186; x_wconf 65' lang='lat' dir='ltr'>imitetun‘3</span> <span class='ocrx_word' id='word_1_129' title='bbox 1003 2121 1067 2174; x_wconf 84' lang='lat' dir='ltr'>tota</span> <span class='ocrx_word' id='word_1_130' title='bbox 1089 2122 1187 2174; x_wconf 83' lang='lat' dir='ltr'>autem</span> <span class='ocrx_word' id='word_1_131' title='bbox 1212 2137 1287 2196; x_wconf 84' lang='lat' dir='ltr'>quae</span> 
     </span>
     <span class='ocr_line' id='line_1_18' title="bbox 212 2216 1288 2298; baseline 0.002 -22"><span class='ocrx_word' id='word_1_132' title='bbox 212 2218 261 2276; x_wconf 87' lang='lat' dir='ltr'>his</span> <span class='ocrx_word' id='word_1_133' title='bbox 290 2217 442 2295; x_wconf 84' lang='lat' dir='ltr'>praecedit</span> <span class='ocrx_word' id='word_1_134' title='bbox 472 2217 634 2296; x_wconf 77' lang='lat' dir='ltr'>disputatio</span> <span class='ocrx_word' id='word_1_135' title='bbox 666 2216 776 2274; x_wconf 87' lang='lat' dir='ltr'>diserte</span> <span class='ocrx_word' id='word_1_136' title='bbox 808 2217 844 2275; x_wconf 87' lang='lat' dir='ltr'>fit</span> <span class='ocrx_word' id='word_1_137' title='bbox 875 2235 942 2275; x_wconf 89' lang='lat' dir='ltr'>cum</span> <span class='ocrx_word' id='word_1_138' title='bbox 972 2218 1124 2290; x_wconf 70' lang='lat' dir='ltr'>Quaado</span> <span class='ocrx_word' id='word_1_139' title='bbox 1155 2219 1288 2298; x_wconf 85' lang='lat' dir='ltr'>dicitque</span> 
     </span>
     <span class='ocr_line' id='line_1_19' title="bbox 214 2319 1290 2399; baseline 0.001 -21"><span class='ocrx_word' id='word_1_140' title='bbox 214 2319 357 2386; x_wconf 79' lang='lat' dir='ltr'>Quintus:</span> <span class='ocrx_word' id='word_1_141' title='bbox 379 2320 490 2399; x_wconf 80' lang='lat' dir='ltr'>„qsid?</span> <span class='ocrx_word' id='word_1_142' title='bbox 513 2319 640 2399; x_wconf 84' lang='lat' dir='ltr'>quaeris,</span> <span class='ocrx_word' id='word_1_143' title='bbox 662 2320 836 2392; x_wconf 73' lang='lat' dir='ltr'>Carneades,</span> <span class='ocrx_word' id='word_1_144' title='bbox 861 2339 913 2378; x_wconf 87' lang='lat' dir='ltr'>cur</span> <span class='ocrx_word' id='word_1_145' title='bbox 927 2321 1001 2378; x_wconf 85' lang='lat' dir='ltr'>hacc</span> <span class='ocrx_word' id='word_1_146' title='bbox 1015 2322 1058 2378; x_wconf 86' lang='lat' dir='ltr'>ita</span> <span class='ocrx_word' id='word_1_147' title='bbox 1075 2319 1169 2380; x_wconf 82' lang='lat' dir='ltr'>daut?</span> <span class='ocrx_word' id='word_1_148' title='bbox 1190 2353 1233 2366; x_wconf 91' lang='lat'><em>-</em></span> <span class='ocrx_word' id='word_1_149' title='bbox 1247 2355 1290 2366; x_wconf 89' lang='lat'>-</span> 
     </span>
     <span class='ocr_line' id='line_1_20' title="bbox 215 2421 1290 2500; baseline 0.002 -20"><span class='ocrx_word' id='word_1_150' title='bbox 215 2441 299 2494; x_wconf 83' lang='lat' dir='ltr'>casu,</span> <span class='ocrx_word' id='word_1_151' title='bbox 324 2423 444 2500; x_wconf 85' lang='lat' dir='ltr'>inquis“</span> <span class='ocrx_word' id='word_1_152' title='bbox 467 2427 523 2480; x_wconf 88' lang='lat' dir='ltr'>cet.</span> <span class='ocrx_word' id='word_1_153' title='bbox 565 2421 734 2498; x_wconf 79' lang='lat' dir='ltr'>Suspicicni</span> <span class='ocrx_word' id='word_1_154' title='bbox 756 2428 867 2494; x_wconf 87' lang='lat' dir='ltr'>autem,</span> <span class='ocrx_word' id='word_1_155' title='bbox 898 2423 1069 2481; x_wconf 86' lang='lat' dir='ltr'>testimonia</span> <span class='ocrx_word' id='word_1_156' title='bbox 1091 2442 1154 2481; x_wconf 86' lang='lat' dir='ltr'>esse</span> <span class='ocrx_word' id='word_1_157' title='bbox 1176 2424 1290 2483; x_wconf 81' lang='lat' dir='ltr'>malitia</span> 
     </span>
     <span class='ocr_line' id='line_1_21' title="bbox 212 2523 1289 2604; baseline 0.001 -20"><span class='ocrx_word' id='word_1_158' title='bbox 212 2524 290 2584; x_wconf 80' lang='lat' dir='ltr'>salsa</span> <span class='ocrx_word' id='word_1_159' title='bbox 319 2527 349 2582; x_wconf 89' lang='lat' dir='ltr'>ct</span> <span class='ocrx_word' id='word_1_160' title='bbox 377 2525 460 2597; x_wconf 81' lang='lat' dir='ltr'>fleta,</span> <span class='ocrx_word' id='word_1_161' title='bbox 491 2525 628 2601; x_wconf 87' lang='lat' dir='ltr'>oppositu</span> <span class='ocrx_word' id='word_1_162' title='bbox 656 2543 720 2584; x_wconf 87' lang='lat' dir='ltr'>esse</span> <span class='ocrx_word' id='word_1_163' title='bbox 746 2525 902 2596; x_wconf 84' lang='lat' dir='ltr'>videntur,</span> <span class='ocrx_word' id='word_1_164' title='bbox 933 2545 1010 2604; x_wconf 88' lang='lat' dir='ltr'>quoe</span> <span class='ocrx_word' id='word_1_165' title='bbox 1037 2523 1163 2598; x_wconf 77' lang='lat' dir='ltr'>legimus</span> <span class='ocrx_word' id='word_1_166' title='bbox 1185 2527 1210 2601; x_wconf 91' lang='lat'>1,</span> <span class='ocrx_word' id='word_1_167' title='bbox 1233 2528 1271 2584; x_wconf 79' lang='lat'>37</span> <span class='ocrx_word' id='word_1_168' title='bbox 1282 2549 1289 2585; x_wconf 74' lang='grc' dir='ltr'>ι</span> 
     </span>
     <span class='ocr_line' id='line_1_22' title="bbox 216 2623 1288 2703; baseline -0.002 -17"><span class='ocrx_word' id='word_1_169' title='bbox 216 2623 358 2700; x_wconf 56' lang='lat' dir='ltr'>,collegit</span> <span class='ocrx_word' id='word_1_170' title='bbox 377 2626 607 2686; x_wconf 77' lang='lat' dir='ltr'>innumerabilia</span> <span class='ocrx_word' id='word_1_171' title='bbox 628 2626 747 2686; x_wconf 82' lang='lat' dir='ltr'>oracula</span> <span class='ocrx_word' id='word_1_172' title='bbox 769 2625 954 2703; x_wconf 74' lang='lat' dir='ltr'>Chrysippus</span> <span class='ocrx_word' id='word_1_173' title='bbox 981 2645 1050 2684; x_wconf 89' lang='lat' dir='ltr'>nec</span> <span class='ocrx_word' id='word_1_174' title='bbox 1071 2625 1187 2684; x_wconf 88' lang='lat' dir='ltr'>ullum</span> <span class='ocrx_word' id='word_1_175' title='bbox 1209 2626 1288 2685; x_wconf 84' lang='lat' dir='ltr'>sine</span> 
     </span>
     <span class='ocr_line' id='line_1_23' title="bbox 215 2728 881 2808; baseline -0.003 -20"><span class='ocrx_word' id='word_1_176' title='bbox 215 2728 409 2805; x_wconf 82' lang='lat' dir='ltr'>locuplete</span> <span class='ocrx_word' id='word_1_177' title='bbox 431 2732 589 2787; x_wconf 81' lang='lat' dir='ltr'>auctore</span> <span class='ocrx_word' id='word_1_178' title='bbox 611 2733 726 2808; x_wconf 84' lang='lat' dir='ltr'>atque</span> <span class='ocrx_word' id='word_1_179' title='bbox 748 2732 881 2787; x_wconf 85' lang='lat' dir='ltr'>teste.“</span> 
     </span>
    </p>

    <p class='ocr_par' dir='ltr' id='par_1_4' title="bbox 213 2829 1291 3216">
     <span class='ocr_line' id='line_1_24' title="bbox 299 2829 1289 2910; baseline -0.002 -20"><span class='ocrx_word' id='word_1_180' title='bbox 299 2829 441 2910; x_wconf 81' lang='lat' dir='ltr'>Sequitur</span> <span class='ocrx_word' id='word_1_181' title='bbox 463 2829 492 2908; x_wconf 67' lang='grc' dir='ltr'>(ξ</span> <span class='ocrx_word' id='word_1_182' title='bbox 510 2831 563 2909; x_wconf 79' lang='lat'>28)</span> <span class='ocrx_word' id='word_1_183' title='bbox 585 2830 746 2907; x_wconf 76' lang='lat' dir='ltr'>disputatio</span> <span class='ocrx_word' id='word_1_184' title='bbox 769 2831 805 2889; x_wconf 91' lang='lat' dir='ltr'>de</span> <span class='ocrx_word' id='word_1_185' title='bbox 826 2830 1012 2890; x_wconf 73' lang='lat' dir='ltr'>divinatione</span> <span class='ocrx_word' id='word_1_186' title='bbox 1034 2847 1073 2888; x_wconf 83' lang='lat' dir='ltr'>ex</span> <span class='ocrx_word' id='word_1_187' title='bbox 1095 2829 1188 2902; x_wconf 86' lang='lat' dir='ltr'>extis,</span> <span class='ocrx_word' id='word_1_188' title='bbox 1213 2847 1289 2908; x_wconf 83' lang='lat' dir='ltr'>quas</span> 
     </span>
     <span class='ocr_line' id='line_1_25' title="bbox 214 2923 1288 3013; baseline -0.003 -21"><span class='ocrx_word' id='word_1_189' title='bbox 214 2933 246 2992; x_wconf 93' lang='lat' dir='ltr'>in</span> <span class='ocrx_word' id='word_1_190' title='bbox 269 2933 416 2995; x_wconf 75' lang='lat' dir='ltr'>divisione</span> <span class='ocrx_word' id='word_1_191' title='bbox 431 2951 549 3013; x_wconf 87' lang='lat' dir='ltr'>quoque</span> <span class='ocrx_word' id='word_1_192' title='bbox 570 2931 630 2990; x_wconf 77' lang='lat' dir='ltr'>mic</span> <span class='ocrx_word' id='word_1_193' title='bbox 643 2932 771 3008; x_wconf 83' lang='lat' dir='ltr'>primum</span> <span class='ocrx_word' id='word_1_194' title='bbox 785 2923 979 2988; x_wconf 74' lang='lat' dir='ltr'>divinationis</span> <span class='ocrx_word' id='word_1_195' title='bbox 993 2929 1171 2988; x_wconf 77' lang='lat' dir='ltr'>artificiosae</span> <span class='ocrx_word' id='word_1_196' title='bbox 1186 2951 1288 3004; x_wconf 79' lang='lat' dir='ltr'>genua,</span> 
     </span>
     <span class='ocr_line' id='line_1_26' title="bbox 213 3031 1291 3114; baseline -0.006 -18"><span class='ocrx_word' id='word_1_197' title='bbox 213 3044 539 3114; x_wconf 83' lang='lat' dir='ltr'>commemoranturque</span> <span class='ocrx_word' id='word_1_198' title='bbox 570 3033 743 3112; x_wconf 84' lang='lat' dir='ltr'>haruspices</span> <span class='ocrx_word' id='word_1_199' title='bbox 773 3032 876 3090; x_wconf 91' lang='lat' dir='ltr'>Poeni.</span> <span class='ocrx_word' id='word_1_200' title='bbox 928 3032 992 3089; x_wconf 84' lang='lat' dir='ltr'>Iam</span> <span class='ocrx_word' id='word_1_201' title='bbox 1025 3031 1051 3089; x_wconf 91' lang='lat' dir='ltr'>si</span> <span class='ocrx_word' id='word_1_202' title='bbox 1084 3031 1120 3088; x_wconf 88' lang='lat' dir='ltr'>do</span> <span class='ocrx_word' id='word_1_203' title='bbox 1152 3031 1228 3089; x_wconf 85' lang='lat' dir='ltr'>Eliis</span> <span class='ocrx_word' id='word_1_204' title='bbox 1258 3035 1291 3091; x_wconf 85' lang='lat' dir='ltr'>et</span> 
     </span>
     <span class='ocr_line' id='line_1_27' title="bbox 214 3131 1290 3216; baseline -0.004 -20"><span class='ocrx_word' id='word_1_205' title='bbox 214 3138 374 3216; x_wconf 72' lang='lat' dir='ltr'>Aegyptiis</span> <span class='ocrx_word' id='word_1_206' title='bbox 394 3138 444 3198; x_wconf 76' lang='lat' dir='ltr'>uel</span> <span class='ocrx_word' id='word_1_207' title='bbox 466 3137 569 3197; x_wconf 78' lang='lat' dir='ltr'>cicero</span> <span class='ocrx_word' id='word_1_208' title='bbox 594 3135 659 3212; x_wconf 87' lang='lat' dir='ltr'>ipso</span> <span class='ocrx_word' id='word_1_209' title='bbox 685 3133 734 3195; x_wconf 84' lang='lat' dir='ltr'>vel</span> <span class='ocrx_word' id='word_1_210' title='bbox 756 3137 836 3192; x_wconf 84' lang='lat' dir='ltr'>corte</span> <span class='ocrx_word' id='word_1_211' title='bbox 863 3132 991 3209; x_wconf 77' lang='lat' dir='ltr'>scriptor</span> <span class='ocrx_word' id='word_1_212' title='bbox 1017 3131 1138 3191; x_wconf 84' lang='lat' dir='ltr'>natione</span> <span class='ocrx_word' id='word_1_213' title='bbox 1160 3133 1290 3194; x_wconf 82' lang='lat' dir='ltr'>Graecus</span> 
     </span>
    </p>
   </div>
   <div class='ocr_carea' id='block_1_3' title="bbox 216 3233 1381 3319">
    <p class='ocr_par' dir='ltr' id='par_1_5' title="bbox 216 3233 1381 3319">
     <span class='ocr_line' id='line_1_28' title="bbox 216 3233 1381 3319; baseline -0.003 -19"><span class='ocrx_word' id='word_1_214' title='bbox 216 3241 287 3319; x_wconf 91' lang='lat' dir='ltr'>quid</span> <span class='ocrx_word' id='word_1_215' title='bbox 303 3245 486 3318; x_wconf 85' lang='lat' dir='ltr'>compertum</span> <span class='ocrx_word' id='word_1_216' title='bbox 500 3238 607 3298; x_wconf 83' lang='lat' dir='ltr'>habuit</span> <span class='ocrx_word' id='word_1_217' title='bbox 625 3271 667 3282; x_wconf 90' lang='lat'>-</span> <span class='ocrx_word' id='word_1_218' title='bbox 689 3238 725 3296; x_wconf 90' lang='lat' dir='ltr'>de</span> <span class='ocrx_word' id='word_1_219' title='bbox 739 3234 862 3295; x_wconf 80' lang='lat' dir='ltr'>familiis</span> <span class='ocrx_word' id='word_1_220' title='bbox 877 3235 990 3294; x_wconf 88' lang='lat' dir='ltr'>duabus</span> <span class='ocrx_word' id='word_1_221' title='bbox 1003 3233 1080 3294; x_wconf 85' lang='lat' dir='ltr'>Eliis</span> <span class='ocrx_word' id='word_1_222' title='bbox 1100 3235 1291 3313; x_wconf 70' lang='lat' dir='ltr'>haruspicina</span> <span class='ocrx_word' id='word_1_223' title='bbox 1380 3293 1381 3296; x_wconf 74' lang='grc'>,</span> 
     </span>
    </p>
   </div>
   <div class='ocr_carea' id='block_1_4' title="bbox 203 3337 1292 4412">
    <p class='ocr_par' dir='ltr' id='par_1_6' title="bbox 203 3337 1292 4412">
     <span class='ocr_line' id='line_1_29' title="bbox 215 3337 1291 3420; baseline -0.003 -20"><span class='ocrx_word' id='word_1_224' title='bbox 215 3343 305 3400; x_wconf 85' lang='lat' dir='ltr'>claris</span> <span class='ocrx_word' id='word_1_225' title='bbox 318 3340 497 3400; x_wconf 84' lang='lat' dir='ltr'>Posidonius</span> <span class='ocrx_word' id='word_1_226' title='bbox 519 3361 637 3420; x_wconf 88' lang='lat' dir='ltr'>quoque</span> <span class='ocrx_word' id='word_1_227' title='bbox 660 3338 787 3416; x_wconf 85' lang='lat' dir='ltr'>scripsit,</span> <span class='ocrx_word' id='word_1_228' title='bbox 809 3339 847 3397; x_wconf 83' lang='lat' dir='ltr'>ci.</span> <span class='ocrx_word' id='word_1_229' title='bbox 863 3339 889 3410; x_wconf 93' lang='lat' dir='ltr'>I,</span> <span class='ocrx_word' id='word_1_230' title='bbox 912 3342 949 3396; x_wconf 87' lang='grc'>91</span> <span class='ocrx_word' id='word_1_231' title='bbox 974 3369 1017 3380; x_wconf 86' lang='lat'>-</span> <span class='ocrx_word' id='word_1_232' title='bbox 1039 3357 1110 3395; x_wconf 87' lang='lat' dir='ltr'>num</span> <span class='ocrx_word' id='word_1_233' title='bbox 1131 3337 1210 3397; x_wconf 88' lang='lat' dir='ltr'>idem</span> <span class='ocrx_word' id='word_1_234' title='bbox 1232 3345 1291 3397; x_wconf 85' lang='lat' dir='ltr'>atu·</span> 
     </span>
     <span class='ocr_line' id='line_1_30' title="bbox 215 3439 1290 3518; baseline -0.002 -18"><span class='ocrx_word' id='word_1_235' title='bbox 215 3447 332 3500; x_wconf 82' lang='lat' dir='ltr'>tuemua</span> <span class='ocrx_word' id='word_1_236' title='bbox 346 3483 348 3486; x_wconf 87' lang='lat'>-</span> <span class='ocrx_word' id='word_1_237' title='bbox 362 3442 398 3498; x_wconf 86' lang='lat' dir='ltr'>de</span> <span class='ocrx_word' id='word_1_238' title='bbox 427 3441 597 3500; x_wconf 84' lang='lat' dir='ltr'>Poenorum</span> <span class='ocrx_word' id='word_1_239' title='bbox 626 3439 853 3518; x_wconf 83' lang='lat' dir='ltr'>haruspicibus?</span> <span class='ocrx_word' id='word_1_240' title='bbox 896 3443 946 3497; x_wconf 77' lang='lat' dir='ltr'>An</span> <span class='ocrx_word' id='word_1_241' title='bbox 975 3439 1195 3497; x_wconf 87' lang='lat' dir='ltr'>concedendum</span> <span class='ocrx_word' id='word_1_242' title='bbox 1225 3439 1290 3511; x_wconf 84' lang='lat' dir='ltr'>erit,</span> 
     </span>
     <span class='ocr_line' id='line_1_31' title="bbox 217 3535 1291 3618; baseline -0.002 -18"><span class='ocrx_word' id='word_1_243' title='bbox 217 3535 390 3600; x_wconf 73' lang='lat' dir='ltr'>Ciceronem</span> <span class='ocrx_word' id='word_1_244' title='bbox 420 3557 580 3616; x_wconf 81' lang='lat' dir='ltr'>excerpere</span> <span class='ocrx_word' id='word_1_245' title='bbox 607 3542 718 3599; x_wconf 90' lang='lat' dir='ltr'>librum</span> <span class='ocrx_word' id='word_1_246' title='bbox 748 3541 871 3602; x_wconf 86' lang='lat' dir='ltr'>alieuius</span> <span class='ocrx_word' id='word_1_247' title='bbox 902 3541 1008 3600; x_wconf 83' lang='lat' dir='ltr'>Graeci</span> <span class='ocrx_word' id='word_1_248' title='bbox 1038 3541 1205 3618; x_wconf 84' lang='lat' dir='ltr'>scriptoris.</span> <span class='ocrx_word' id='word_1_249' title='bbox 1240 3540 1291 3618; x_wconf 89' lang='lat' dir='ltr'>qui</span> 
     </span>
     <span class='ocr_line' id='line_1_32' title="bbox 217 3643 1292 3719; baseline -0.002 -17"><span class='ocrx_word' id='word_1_250' title='bbox 217 3661 271 3702; x_wconf 80' lang='lat' dir='ltr'>cur</span> <span class='ocrx_word' id='word_1_251' title='bbox 291 3644 460 3699; x_wconf 86' lang='lat' dir='ltr'>Poenorum</span> <span class='ocrx_word' id='word_1_252' title='bbox 484 3659 602 3718; x_wconf 88' lang='lat' dir='ltr'>quoque</span> <span class='ocrx_word' id='word_1_253' title='bbox 630 3643 852 3719; x_wconf 86' lang='lat' dir='ltr'>haruspicinam</span> <span class='ocrx_word' id='word_1_254' title='bbox 874 3643 992 3702; x_wconf 85' lang='lat' dir='ltr'>noverit</span> <span class='ocrx_word' id='word_1_255' title='bbox 1013 3643 1181 3702; x_wconf 79' lang='lat' dir='ltr'>aduenticia</span> <span class='ocrx_word' id='word_1_256' title='bbox 1203 3643 1292 3700; x_wconf 85' lang='lat' dir='ltr'>debet</span> 
     </span>
     <span class='ocr_line' id='line_1_33' title="bbox 217 3742 1290 3819; baseline -0.006 -15"><span class='ocrx_word' id='word_1_257' title='bbox 217 3763 282 3804; x_wconf 79' lang='lat' dir='ltr'>ease</span> <span class='ocrx_word' id='word_1_258' title='bbox 304 3759 407 3815; x_wconf 64' lang='lat' dir='ltr'>musa,</span> <span class='ocrx_word' id='word_1_259' title='bbox 437 3759 545 3819; x_wconf 86' lang='lat' dir='ltr'>nempe</span> <span class='ocrx_word' id='word_1_260' title='bbox 566 3742 742 3802; x_wconf 72' lang='lat' dir='ltr'>Clitomachi</span> <span class='ocrx_word' id='word_1_261' title='bbox 764 3745 1026 3818; x_wconf 74' lang='lat' dir='ltr'>Carthaginiensis.</span> <span class='ocrx_word' id='word_1_262' title='bbox 1073 3745 1108 3800; x_wconf 92' lang='lat' dir='ltr'>In</span> <span class='ocrx_word' id='word_1_263' title='bbox 1130 3742 1290 3816; x_wconf 81' lang='lat' dir='ltr'>reprehen-</span> 
     </span>
     <span class='ocr_line' id='line_1_34' title="bbox 218 3844 1290 3923; baseline -0.007 -16"><span class='ocrx_word' id='word_1_264' title='bbox 218 3845 301 3907; x_wconf 82' lang='lat' dir='ltr'>sione</span> <span class='ocrx_word' id='word_1_265' title='bbox 315 3845 481 3904; x_wconf 75' lang='lat' dir='ltr'>Stoioarum</span> <span class='ocrx_word' id='word_1_266' title='bbox 503 3846 539 3904; x_wconf 89' lang='lat' dir='ltr'>ds</span> <span class='ocrx_word' id='word_1_267' title='bbox 554 3847 632 3904; x_wconf 85' lang='lat' dir='ltr'>extis</span> <span class='ocrx_word' id='word_1_268' title='bbox 646 3845 828 3923; x_wconf 74' lang='lat' dir='ltr'>ineptiarum</span> <span class='ocrx_word' id='word_1_269' title='bbox 844 3847 950 3905; x_wconf 82' lang='lat' dir='ltr'>irridet</span> <span class='ocrx_word' id='word_1_270' title='bbox 964 3847 1067 3905; x_wconf 82' lang='lat' dir='ltr'>Oicero</span> <span class='ocrx_word' id='word_1_271' title='bbox 1083 3844 1290 3921; x_wconf 76' lang='lat' dir='ltr'>Chrysippum,</span> 
     </span>
     <span class='ocr_line' id='line_1_35' title="bbox 217 3945 1291 4027; baseline -0.01 -17"><span class='ocrx_word' id='word_1_272' title='bbox 217 3949 418 4027; x_wconf 75' lang='lat' dir='ltr'>Antipatrum,</span> <span class='ocrx_word' id='word_1_273' title='bbox 441 3947 634 4006; x_wconf 79' lang='lat' dir='ltr'>Posidonium</span> <span class='ocrx_word' id='word_1_274' title='bbox 650 3946 679 4026; x_wconf 64' lang='grc'>(5</span> <span class='ocrx_word' id='word_1_275' title='bbox 695 3949 757 4026; x_wconf 79' lang='lat'><strong>85).</strong></span> <span class='ocrx_word' id='word_1_276' title='bbox 802 3949 935 4014; x_wconf 81' lang='lat' dir='ltr'>Quorum</span> <span class='ocrx_word' id='word_1_277' title='bbox 951 3948 1063 4025; x_wconf 87' lang='lat' dir='ltr'>primus</span> <span class='ocrx_word' id='word_1_278' title='bbox 1078 3953 1112 4006; x_wconf 87' lang='lat' dir='ltr'>ut</span> <span class='ocrx_word' id='word_1_279' title='bbox 1124 3945 1291 4004; x_wconf 73' lang='lat' dir='ltr'>Stoicorum</span> 
     </span>
     <span class='ocr_line' id='line_1_36' title="bbox 203 4040 1290 4128; baseline -0.008 -16"><span class='ocrx_word' id='word_1_280' title='bbox 203 4040 409 4126; x_wconf 62' lang='lat' dir='ltr'>&#39;pannonius</span> <span class='ocrx_word' id='word_1_281' title='bbox 430 4049 606 4126; x_wconf 79' lang='lat' dir='ltr'>appellatur,</span> <span class='ocrx_word' id='word_1_282' title='bbox 627 4050 765 4110; x_wconf 85' lang='lat' dir='ltr'>ultimum</span> <span class='ocrx_word' id='word_1_283' title='bbox 781 4051 883 4109; x_wconf 76' lang='lat' dir='ltr'>Oioeso</span> <span class='ocrx_word' id='word_1_284' title='bbox 905 4048 975 4128; x_wconf 86' lang='lat' dir='ltr'>ipse</span> <span class='ocrx_word' id='word_1_285' title='bbox 990 4049 1119 4120; x_wconf 83' lang='lat' dir='ltr'>induxit,</span> <span class='ocrx_word' id='word_1_286' title='bbox 1143 4066 1208 4104; x_wconf 86' lang='lat' dir='ltr'>eum</span> <span class='ocrx_word' id='word_1_287' title='bbox 1229 4063 1290 4104; x_wconf 91' lang='lat' dir='ltr'>non</span> 
     </span>
     <span class='ocr_line' id='line_1_37' title="bbox 217 4149 1291 4224; baseline -0.007 -12"><span class='ocrx_word' id='word_1_288' title='bbox 217 4153 327 4214; x_wconf 81' lang='lat' dir='ltr'>obiitus</span> <span class='ocrx_word' id='word_1_289' title='bbox 349 4156 434 4224; x_wconf 74' lang='lat' dir='ltr'>emet,</span> <span class='ocrx_word' id='word_1_290' title='bbox 458 4170 489 4210; x_wconf 91' lang='lat' dir='ltr'>se</span> <span class='ocrx_word' id='word_1_291' title='bbox 507 4152 544 4208; x_wconf 85' lang='lat' dir='ltr'>de</span> <span class='ocrx_word' id='word_1_292' title='bbox 559 4152 713 4212; x_wconf 82' lang='lat' dir='ltr'>Posidonii</span> <span class='ocrx_word' id='word_1_293' title='bbox 733 4151 819 4211; x_wconf 75' lang='lat' dir='ltr'>tibiis</span> <span class='ocrx_word' id='word_1_294' title='bbox 834 4149 1013 4209; x_wconf 56' lang='lat' dir='ltr'>annuntiem</span> <span class='ocrx_word' id='word_1_295' title='bbox 1034 4149 1172 4209; x_wconf 89' lang='lat' dir='ltr'>hocloco</span> <span class='ocrx_word' id='word_1_296' title='bbox 1190 4164 1291 4224; x_wconf 80' lang='lat' dir='ltr'>repre-</span> 
     </span>
     <span class='ocr_line' id='line_1_38' title="bbox 217 4249 1292 4332; baseline -0.007 -18"><span class='ocrx_word' id='word_1_297' title='bbox 217 4255 344 4314; x_wconf 84' lang='lat' dir='ltr'>henaam</span> <span class='ocrx_word' id='word_1_298' title='bbox 360 4252 520 4332; x_wconf 87' lang='lat' dir='ltr'>sumpsisse</span> <span class='ocrx_word' id='word_1_299' title='bbox 537 4252 588 4331; x_wconf 82' lang='lat' dir='ltr'>(ci.</span> <span class='ocrx_word' id='word_1_300' title='bbox 607 4275 636 4330; x_wconf 90' lang='lat' dir='ltr'>p.</span> <span class='ocrx_word' id='word_1_301' title='bbox 651 4253 714 4331; x_wconf 70' lang='lat'>25).</span> <span class='ocrx_word' id='word_1_302' title='bbox 749 4249 1016 4329; x_wconf 75' lang='lat' dir='ltr'>Antipatuiautem</span> <span class='ocrx_word' id='word_1_303' title='bbox 1030 4249 1200 4329; x_wconf 84' lang='lat' dir='ltr'>appellandi</span> <span class='ocrx_word' id='word_1_304' title='bbox 1216 4265 1292 4326; x_wconf 89' lang='lat' dir='ltr'>quae</span> 
     </span>
     <span class='ocr_line' id='line_1_39' title="bbox 1069 4361 1086 4412; baseline 0 0"><span class='ocrx_word' id='word_1_305' title='bbox 1069 4361 1086 4412; x_wconf 88' lang='lat'><strong>3</strong></span> 
     </span>
    </p>
   </div>
   <div class='ocr_carea' id='block_1_5' title="bbox 0 0 1573 5018">
    <p class='ocr_par' dir='ltr' id='par_1_7' title="bbox 0 0 1573 5018">
     <span class='ocr_line' id='line_1_40' title="bbox 0 0 1573 5018; baseline 0 0"><span class='ocrx_word' id='word_1_306' title='bbox 0 0 1573 5018; x_wconf 95' lang='lat' dir='ltr'> </span> 
     </span>
    </p>
   </div>
  </div>
 </body>
</html>
