<?xml version="1.0" encoding="UTF-8"?>
<!DOCTYPE html PUBLIC "-//W3C//DTD XHTML 1.0 Transitional//EN"
    "http://www.w3.org/TR/xhtml1/DTD/xhtml1-transitional.dtd">
<html xmlns="http://www.w3.org/1999/xhtml" xml:lang="en" lang="en">
 <head>
  <title>
</title>
<meta http-equiv="Content-Type" content="text/html;charset=utf-8" />
  <meta name='ocr-system' content='tesseract 3.04.00' />
  <meta name='ocr-capabilities' content='ocr_page ocr_carea ocr_par ocr_line ocrx_word'/>
</head>
<body>
  <div class='ocr_page' id='page_1' title='image "./defontibuslibro00schigoog_0015.png"; bbox 0 0 3106 5018; ppageno 0'>
   <div class='ocr_carea' id='block_1_1' title="bbox 845 423 867 486">
    <p class='ocr_par' dir='ltr' id='par_1_1' title="bbox 845 423 867 486">
     <span class='ocr_line' id='line_1_1' title="bbox 845 423 867 486; baseline 0 0"><span class='ocrx_word' id='word_1_1' title='bbox 845 423 867 486; x_wconf 83' lang='lat'>4</span> 
     </span>
    </p>
   </div>
   <div class='ocr_carea' id='block_1_2' title="bbox 314 561 1396 861">
    <p class='ocr_par' dir='ltr' id='par_1_2' title="bbox 314 561 1396 861">
     <span class='ocr_line' id='line_1_2' title="bbox 316 561 1396 656; baseline 0.001 -19"><span class='ocrx_word' id='word_1_2' title='bbox 316 576 436 656; x_wconf 83' lang='lat' dir='ltr'>quidem</span> <span class='ocrx_word' id='word_1_3' title='bbox 450 573 635 655; x_wconf 82' lang='lat' dir='ltr'>reliquorum</span> <span class='ocrx_word' id='word_1_4' title='bbox 655 574 820 635; x_wconf 79' lang='lat' dir='ltr'>Stoicorum</span> <span class='ocrx_word' id='word_1_5' title='bbox 842 561 949 650; x_wconf 80' lang='lat' dir='ltr'>libros,</span> <span class='ocrx_word' id='word_1_6' title='bbox 970 576 1080 656; x_wconf 87' lang='lat' dir='ltr'>quibus</span> <span class='ocrx_word' id='word_1_7' title='bbox 1104 575 1320 636; x_wconf 87' lang='lat' dir='ltr'>divinationem</span> <span class='ocrx_word' id='word_1_8' title='bbox 1336 581 1396 638; x_wconf 88' lang='lat' dir='ltr'>tra·</span> 
     </span>
     <span class='ocr_line' id='line_1_3' title="bbox 314 673 1394 757; baseline -0.001 -18"><span class='ocrx_word' id='word_1_9' title='bbox 314 683 484 751; x_wconf 85' lang='lat' dir='ltr'>cteverunt,</span> <span class='ocrx_word' id='word_1_10' title='bbox 514 677 646 753; x_wconf 86' lang='lat' dir='ltr'>appellet</span> <span class='ocrx_word' id='word_1_11' title='bbox 663 679 711 757; x_wconf 75' lang='lat'>(1,</span> <span class='ocrx_word' id='word_1_12' title='bbox 737 684 778 750; x_wconf 49' lang='lat'>¹3,</span> <span class='ocrx_word' id='word_1_13' title='bbox 810 679 842 756; x_wconf 84' lang='grc'>6)</span> <span class='ocrx_word' id='word_1_14' title='bbox 851 673 864 751; x_wconf 78' lang='lat'>,&#39;</span> <span class='ocrx_word' id='word_1_15' title='bbox 890 679 1062 738; x_wconf 77' lang='lat' dir='ltr'><strong>Cleanthem</strong></span> <span class='ocrx_word' id='word_1_16' title='bbox 1087 682 1184 738; x_wconf 86' lang='lat' dir='ltr'>autem</span> <span class='ocrx_word' id='word_1_17' title='bbox 1211 681 1333 738; x_wconf 84' lang='lat' dir='ltr'>tantum</span> <span class='ocrx_word' id='word_1_18' title='bbox 1351 699 1394 751; x_wconf 86' lang='lat' dir='ltr'>eu,</span> 
     </span>
     <span class='ocr_line' id='line_1_4' title="bbox 315 779 1396 861; baseline 0.001 -22"><span class='ocrx_word' id='word_1_19' title='bbox 315 801 390 861; x_wconf 89' lang='lat' dir='ltr'>quae</span> <span class='ocrx_word' id='word_1_20' title='bbox 414 801 431 840; x_wconf 90' lang='lat' dir='ltr'>a</span> <span class='ocrx_word' id='word_1_21' title='bbox 447 782 564 839; x_wconf 89' lang='lat' dir='ltr'>Zenone</span> <span class='ocrx_word' id='word_1_22' title='bbox 582 779 718 856; x_wconf 87' lang='lat' dir='ltr'>exposita</span> <span class='ocrx_word' id='word_1_23' title='bbox 737 783 822 840; x_wconf 87' lang='lat' dir='ltr'>eraut</span> <span class='ocrx_word' id='word_1_24' title='bbox 837 779 871 838; x_wconf 88' lang='lat' dir='ltr'>-in</span> <span class='ocrx_word' id='word_1_25' title='bbox 896 780 1128 855; x_wconf 87' lang='lat' dir='ltr'>commentariis,</span> <span class='ocrx_word' id='word_1_26' title='bbox 1151 781 1239 856; x_wconf 91' lang='lat' dir='ltr'>paulo</span> <span class='ocrx_word' id='word_1_27' title='bbox 1258 780 1396 840; x_wconf 79' lang='lat' dir='ltr'>uberiora</span> 
     </span>
    </p>
   </div>
   <div class='ocr_carea' id='block_1_3' title="bbox 204 881 1398 958">
    <p class='ocr_par' dir='ltr' id='par_1_3' title="bbox 204 881 1398 958">
     <span class='ocr_line' id='line_1_5' title="bbox 204 881 1398 958; baseline -0.001 -16"><span class='ocrx_word' id='word_1_28' title='bbox 204 939 206 942; x_wconf 86' lang='lat'>.</span> <span class='ocrx_word' id='word_1_29' title='bbox 303 882 421 942; x_wconf 65' lang='lat' dir='ltr'>»fecisse</span> <span class='ocrx_word' id='word_1_30' title='bbox 443 882 536 954; x_wconf 90' lang='lat' dir='ltr'>dicat;</span> <span class='ocrx_word' id='word_1_31' title='bbox 560 881 802 940; x_wconf 86' lang='lat' dir='ltr'>verissimehaec</span> <span class='ocrx_word' id='word_1_32' title='bbox 822 883 992 954; x_wconf 83' lang='lat' dir='ltr'>dictasunt,</span> <span class='ocrx_word' id='word_1_33' title='bbox 1016 881 1041 940; x_wconf 91' lang='lat' dir='ltr'>si</span> <span class='ocrx_word' id='word_1_34' title='bbox 1058 887 1203 958; x_wconf 88' lang='lat' dir='ltr'>putamus,</span> <span class='ocrx_word' id='word_1_35' title='bbox 1226 882 1398 942; x_wconf 74' lang='lat' dir='ltr'>Cleanthem</span> 
     </span>
    </p>
   </div>
   <div class='ocr_carea' id='block_1_4' title="bbox 312 983 1396 1670">
    <p class='ocr_par' dir='ltr' id='par_1_4' title="bbox 312 983 1396 1670">
     <span class='ocr_line' id='line_1_6' title="bbox 313 983 1394 1060; baseline 0.001 -18"><span class='ocrx_word' id='word_1_36' title='bbox 313 983 404 1043; x_wconf 91' lang='lat' dir='ltr'>etiam</span> <span class='ocrx_word' id='word_1_37' title='bbox 429 987 583 1042; x_wconf 81' lang='lat' dir='ltr'>externam</span> <span class='ocrx_word' id='word_1_38' title='bbox 608 985 646 1042; x_wconf 86' lang='lat' dir='ltr'>de</span> <span class='ocrx_word' id='word_1_39' title='bbox 667 983 858 1042; x_wconf 85' lang='lat' dir='ltr'>divinatione</span> <span class='ocrx_word' id='word_1_40' title='bbox 886 984 1060 1060; x_wconf 88' lang='lat' dir='ltr'>disputandi</span> <span class='ocrx_word' id='word_1_41' title='bbox 1085 985 1231 1045; x_wconf 89' lang='lat' dir='ltr'>rationem</span> <span class='ocrx_word' id='word_1_42' title='bbox 1253 1003 1394 1058; x_wconf 87' lang='lat' dir='ltr'>servasse,</span> 
     </span>
     <span class='ocr_line' id='line_1_7' title="bbox 312 1084 1394 1167; baseline 0.002 -23"><span class='ocrx_word' id='word_1_43' title='bbox 312 1084 346 1144; x_wconf 90' lang='lat' dir='ltr'>in</span> <span class='ocrx_word' id='word_1_44' title='bbox 362 1085 580 1167; x_wconf 82' lang='lat' dir='ltr'>commentariis</span> <span class='ocrx_word' id='word_1_45' title='bbox 595 1084 689 1160; x_wconf 79' lang='lat' dir='ltr'>igitur</span> <span class='ocrx_word' id='word_1_46' title='bbox 705 1085 803 1162; x_wconf 92' lang='lat' dir='ltr'>ipsum</span> <span class='ocrx_word' id='word_1_47' title='bbox 818 1106 936 1165; x_wconf 90' lang='lat' dir='ltr'>quoque</span> <span class='ocrx_word' id='word_1_48' title='bbox 952 1086 1115 1146; x_wconf 84' lang='lat' dir='ltr'>sententias</span> <span class='ocrx_word' id='word_1_49' title='bbox 1131 1106 1198 1145; x_wconf 88' lang='lat' dir='ltr'>suas</span> <span class='ocrx_word' id='word_1_50' title='bbox 1214 1086 1394 1162; x_wconf 74' lang='lat' dir='ltr'>exposuisse.</span> 
     </span>
     <span class='ocr_line' id='line_1_8' title="bbox 313 1180 1396 1262; baseline -0.003 -13"><span class='ocrx_word' id='word_1_51' title='bbox 313 1183 401 1250; x_wconf 79' lang='lat' dir='ltr'>Quod</span> <span class='ocrx_word' id='word_1_52' title='bbox 424 1206 495 1247; x_wconf 86' lang='lat' dir='ltr'>varo</span> <span class='ocrx_word' id='word_1_53' title='bbox 517 1180 814 1262; x_wconf 74' lang='grc' dir='ltr'><em>ἀπομνημονεύματα</em></span> <span class='ocrx_word' id='word_1_54' title='bbox 836 1187 962 1247; x_wconf 79' lang='lat' dir='ltr'>Zenonis</span> <span class='ocrx_word' id='word_1_55' title='bbox 987 1189 1023 1246; x_wconf 89' lang='lat' dir='ltr'>eb</span> <span class='ocrx_word' id='word_1_56' title='bbox 1042 1189 1197 1246; x_wconf 73' lang='lat' dir='ltr'>Athenaeo</span> <span class='ocrx_word' id='word_1_57' title='bbox 1221 1207 1396 1247; x_wconf 87' lang='lat' dir='ltr'>commemo·</span> 
     </span>
     <span class='ocr_line' id='line_1_9' title="bbox 312 1281 1395 1368; baseline 0.002 -21"><span class='ocrx_word' id='word_1_58' title='bbox 312 1293 416 1349; x_wconf 89' lang='lat' dir='ltr'>rantur</span> <span class='ocrx_word' id='word_1_59' title='bbox 432 1289 508 1366; x_wconf 66' lang='lat' dir='ltr'>(IV,</span> <span class='ocrx_word' id='word_1_60' title='bbox 526 1308 558 1364; x_wconf 91' lang='lat' dir='ltr'>p.</span> <span class='ocrx_word' id='word_1_61' title='bbox 581 1292 639 1347; x_wconf 79' lang='lat' dir='ltr'>lea</span> <span class='ocrx_word' id='word_1_62' title='bbox 662 1289 705 1348; x_wconf 86' lang='lat' dir='ltr'>B:</span> <span class='ocrx_word' id='word_1_63' title='bbox 729 1287 881 1367; x_wconf 79' lang='grc' dir='ltr'><strong><em>Περσαίου</em></strong></span> <span class='ocrx_word' id='word_1_64' title='bbox 897 1320 941 1332; x_wconf 86' lang='lat'>--</span> <span class='ocrx_word' id='word_1_65' title='bbox 955 1321 997 1332; x_wconf 86' lang='lat'>—-</span> <span class='ocrx_word' id='word_1_66' title='bbox 1017 1281 1220 1363; x_wconf 79' lang='grc' dir='ltr'><strong><em>συμποτικούς</em></strong></span> <span class='ocrx_word' id='word_1_67' title='bbox 1237 1282 1395 1368; x_wconf 75' lang='grc' dir='ltr'><strong><em>διαλόγους</em></strong></span> 
     </span>
     <span class='ocr_line' id='line_1_10' title="bbox 313 1380 1393 1465; baseline 0 -17"><span class='ocrx_word' id='word_1_68' title='bbox 313 1385 509 1458; x_wconf 74' lang='grc' dir='ltr'><strong><em>συντεθέντας</em></strong></span> <span class='ocrx_word' id='word_1_69' title='bbox 526 1385 558 1448; x_wconf 76' lang='grc' dir='ltr'>ἐκ</span> <span class='ocrx_word' id='word_1_70' title='bbox 574 1387 634 1446; x_wconf 72' lang='grc' dir='ltr'><strong><em>τοῖν</em></strong></span> <span class='ocrx_word' id='word_1_71' title='bbox 649 1386 824 1458; x_wconf 74' lang='grc' dir='ltr'><strong><em>Στίλπωνος</em></strong></span> <span class='ocrx_word' id='word_1_72' title='bbox 840 1384 892 1448; x_wconf 72' lang='grc' dir='ltr'>καὶ</span> <span class='ocrx_word' id='word_1_73' title='bbox 911 1380 1053 1464; x_wconf 79' lang='grc' dir='ltr'><strong><em>Ζήνωνος</em></strong></span> <span class='ocrx_word' id='word_1_74' title='bbox 1069 1381 1393 1465; x_wconf 78' lang='grc' dir='ltr'><strong><em>όπομνημονευμότων,</em></strong></span> 
     </span>
     <span class='ocr_line' id='line_1_11' title="bbox 313 1480 1395 1566; baseline 0 -16"><span class='ocrx_word' id='word_1_75' title='bbox 313 1487 346 1550; x_wconf 71' lang='grc' dir='ltr'>ἐν</span> <span class='ocrx_word' id='word_1_76' title='bbox 371 1481 418 1560; x_wconf 74' lang='grc' dir='ltr'>οἷς</span> <span class='ocrx_word' id='word_1_77' title='bbox 435 1491 526 1566; x_wconf 83' lang='grc' dir='ltr'><strong><em>ζητεῖ,</em></strong></span> <span class='ocrx_word' id='word_1_78' title='bbox 549 1483 632 1558; x_wconf 72' lang='grc' dir='ltr'><strong><em>ὅπως</em></strong></span> <span class='ocrx_word' id='word_1_79' title='bbox 648 1480 687 1549; x_wconf 74' lang='grc' dir='ltr'>όν</span> <span class='ocrx_word' id='word_1_80' title='bbox 704 1483 745 1566; x_wconf 76' lang='grc' dir='ltr'><em>μή</em></span> <span class='ocrx_word' id='word_1_81' title='bbox 762 1492 1028 1566; x_wconf 73' lang='grc' dir='ltr'><strong><em>κατακοιμηθῶσιν</em></strong></span> <span class='ocrx_word' id='word_1_82' title='bbox 1046 1487 1077 1548; x_wconf 76' lang='grc' dir='ltr'>οἱ</span> <span class='ocrx_word' id='word_1_83' title='bbox 1090 1483 1240 1566; x_wconf 80' lang='grc' dir='ltr'><strong><em>συμπόται</em></strong></span> <span class='ocrx_word' id='word_1_84' title='bbox 1257 1488 1308 1550; x_wconf 73' lang='grc' dir='ltr'>καὶ</span> <span class='ocrx_word' id='word_1_85' title='bbox 1329 1492 1395 1561; x_wconf 74' lang='grc' dir='ltr'><strong><em>ποῦς</em></strong></span> 
     </span>
     <span class='ocr_line' id='line_1_12' title="bbox 312 1585 1395 1670; baseline 0.002 -20"><span class='ocrx_word' id='word_1_86' title='bbox 312 1595 378 1662; x_wconf 84' lang='grc' dir='ltr'><strong><em>ταῖς</em></strong></span> <span class='ocrx_word' id='word_1_87' title='bbox 401 1585 549 1669; x_wconf 75' lang='grc' dir='ltr'><strong><em>ἐπιχύσεσι</em></strong></span> <span class='ocrx_word' id='word_1_88' title='bbox 571 1587 712 1669; x_wconf 77' lang='grc' dir='ltr'><strong><em>χρηστέον</em></strong></span> <span class='ocrx_word' id='word_1_89' title='bbox 730 1593 819 1670; x_wconf 68' lang='lat' dir='ltr'>nuh),</span> <span class='ocrx_word' id='word_1_90' title='bbox 842 1592 921 1651; x_wconf 89' lang='lat' dir='ltr'>nihil</span> <span class='ocrx_word' id='word_1_91' title='bbox 937 1591 972 1650; x_wconf 89' lang='lat' dir='ltr'>in</span> <span class='ocrx_word' id='word_1_92' title='bbox 987 1592 1200 1666; x_wconf 84' lang='lat' dir='ltr'>cognoscendis</span> <span class='ocrx_word' id='word_1_93' title='bbox 1219 1597 1395 1652; x_wconf 85' lang='lat' dir='ltr'>commenta·</span> 
     </span>
    </p>
   </div>
   <div class='ocr_carea' id='block_1_5' title="bbox 312 1683 1495 1770">
    <p class='ocr_par' dir='ltr' id='par_1_5' title="bbox 312 1683 1495 1770">
     <span class='ocr_line' id='line_1_13' title="bbox 312 1683 1495 1770; baseline 0.001 -17"><span class='ocrx_word' id='word_1_94' title='bbox 312 1693 365 1754; x_wconf 90' lang='lat' dir='ltr'>riis</span> <span class='ocrx_word' id='word_1_95' title='bbox 387 1714 406 1753; x_wconf 86' lang='lat' dir='ltr'>a</span> <span class='ocrx_word' id='word_1_96' title='bbox 429 1693 570 1753; x_wconf 80' lang='lat' dir='ltr'>Cicerone</span> <span class='ocrx_word' id='word_1_97' title='bbox 596 1692 684 1752; x_wconf 89' lang='lat' dir='ltr'>dictis</span> <span class='ocrx_word' id='word_1_98' title='bbox 708 1692 856 1753; x_wconf 87' lang='lat' dir='ltr'>iuvamur.</span> <span class='ocrx_word' id='word_1_99' title='bbox 902 1694 966 1753; x_wconf 89' lang='lat' dir='ltr'>Iam</span> <span class='ocrx_word' id='word_1_100' title='bbox 987 1713 1042 1770; x_wconf 88' lang='lat' dir='ltr'>per</span> <span class='ocrx_word' id='word_1_101' title='bbox 1060 1713 1091 1752; x_wconf 89' lang='lat' dir='ltr'>se</span> <span class='ocrx_word' id='word_1_102' title='bbox 1110 1693 1189 1752; x_wconf 88' lang='lat' dir='ltr'>enim</span> <span class='ocrx_word' id='word_1_103' title='bbox 1207 1694 1273 1754; x_wconf 91' lang='lat' dir='ltr'>veri</span> <span class='ocrx_word' id='word_1_104' title='bbox 1297 1694 1394 1754; x_wconf 87' lang='lat' dir='ltr'>simile</span> <span class='ocrx_word' id='word_1_105' title='bbox 1491 1683 1495 1692; x_wconf 72' lang='grc'><strong>’</strong></span> 
     </span>
    </p>
   </div>
   <div class='ocr_carea' id='block_1_6' title="bbox 310 1781 1396 2174">
    <p class='ocr_par' dir='ltr' id='par_1_6' title="bbox 310 1781 1396 2174">
     <span class='ocr_line' id='line_1_14' title="bbox 311 1781 1395 1874; baseline 0 -20"><span class='ocrx_word' id='word_1_106' title='bbox 311 1800 451 1868; x_wconf 89' lang='lat' dir='ltr'>nonest,</span> <span class='ocrx_word' id='word_1_107' title='bbox 472 1796 620 1854; x_wconf 86' lang='lat' dir='ltr'>Zenonem</span> <span class='ocrx_word' id='word_1_108' title='bbox 636 1794 669 1852; x_wconf 90' lang='lat' dir='ltr'>in</span> <span class='ocrx_word' id='word_1_109' title='bbox 691 1793 797 1852; x_wconf 90' lang='lat' dir='ltr'>iisdem</span> <span class='ocrx_word' id='word_1_110' title='bbox 816 1781 903 1853; x_wconf 83' lang='lat' dir='ltr'>lihris</span> <span class='ocrx_word' id='word_1_111' title='bbox 927 1796 963 1854; x_wconf 90' lang='lat' dir='ltr'>de</span> <span class='ocrx_word' id='word_1_112' title='bbox 987 1795 1170 1855; x_wconf 84' lang='lat' dir='ltr'>divinatione</span> <span class='ocrx_word' id='word_1_113' title='bbox 1192 1799 1282 1874; x_wconf 89' lang='lat' dir='ltr'>atque</span> <span class='ocrx_word' id='word_1_114' title='bbox 1301 1797 1338 1855; x_wconf 89' lang='lat' dir='ltr'>de</span> <span class='ocrx_word' id='word_1_115' title='bbox 1356 1796 1395 1854; x_wconf 89' lang='lat' dir='ltr'>iis</span> 
     </span>
     <span class='ocr_line' id='line_1_15' title="bbox 311 1896 1395 1974; baseline 0.001 -18"><span class='ocrx_word' id='word_1_116' title='bbox 311 1899 400 1956; x_wconf 87' lang='lat' dir='ltr'>rebus</span> <span class='ocrx_word' id='word_1_117' title='bbox 424 1896 612 1968; x_wconf 79' lang='lat' dir='ltr'>disseruisse,</span> <span class='ocrx_word' id='word_1_118' title='bbox 635 1897 671 1954; x_wconf 91' lang='lat' dir='ltr'>de</span> <span class='ocrx_word' id='word_1_119' title='bbox 693 1896 801 1974; x_wconf 89' lang='lat' dir='ltr'>quibus</span> <span class='ocrx_word' id='word_1_120' title='bbox 818 1901 852 1955; x_wconf 87' lang='lat' dir='ltr'>ut</span> <span class='ocrx_word' id='word_1_121' title='bbox 876 1896 1037 1956; x_wconf 85' lang='lat' dir='ltr'>aPersaeo</span> <span class='ocrx_word' id='word_1_122' title='bbox 1061 1897 1206 1974; x_wconf 90' lang='lat' dir='ltr'>expositis</span> <span class='ocrx_word' id='word_1_123' title='bbox 1223 1900 1395 1957; x_wconf 82' lang='lat' dir='ltr'>Athenaeus</span> 
     </span>
     <span class='ocr_line' id='line_1_16' title="bbox 310 1997 1395 2084; baseline 0.002 -27"><span class='ocrx_word' id='word_1_124' title='bbox 310 1998 452 2078; x_wconf 89' lang='lat' dir='ltr'>loquitur.</span> <span class='ocrx_word' id='word_1_125' title='bbox 495 1997 613 2058; x_wconf 90' lang='lat' dir='ltr'>Deinde</span> <span class='ocrx_word' id='word_1_126' title='bbox 631 1997 803 2084; x_wconf 71' lang='lat' dir='ltr'>antemium</span> <span class='ocrx_word' id='word_1_127' title='bbox 818 1998 974 2074; x_wconf 83' lang='lat' dir='ltr'>Koepkius</span> <span class='ocrx_word' id='word_1_128' title='bbox 988 1999 1023 2074; x_wconf 70' lang='lat' dir='ltr'>tl.</span> <span class='ocrx_word' id='word_1_129' title='bbox 1042 1999 1063 2058; x_wconf 90' lang='lat' dir='ltr'>l.</span> <span class='ocrx_word' id='word_1_130' title='bbox 1084 2020 1112 2075; x_wconf 91' lang='lat' dir='ltr'>p.</span> <span class='ocrx_word' id='word_1_131' title='bbox 1133 2001 1185 2078; x_wconf 81' lang='lat'>14)</span> <span class='ocrx_word' id='word_1_132' title='bbox 1201 1999 1294 2073; x_wconf 87' lang='lat' dir='ltr'>vidit,</span> <span class='ocrx_word' id='word_1_133' title='bbox 1317 2021 1395 2060; x_wconf 88' lang='lat' dir='ltr'>com·</span> 
     </span>
     <span class='ocr_line' id='line_1_17' title="bbox 310 2097 1396 2174; baseline 0.002 -16"><span class='ocrx_word' id='word_1_134' title='bbox 310 2099 472 2160; x_wconf 77' lang='lat' dir='ltr'>meritorios</span> <span class='ocrx_word' id='word_1_135' title='bbox 486 2097 631 2174; x_wconf 69' lang='lat' dir='ltr'>stilponis</span> <span class='ocrx_word' id='word_1_136' title='bbox 647 2099 683 2157; x_wconf 77' lang='lat' dir='ltr'>ab</span> <span class='ocrx_word' id='word_1_137' title='bbox 701 2100 856 2158; x_wconf 82' lang='lat' dir='ltr'>Athenaeo</span> <span class='ocrx_word' id='word_1_138' title='bbox 873 2120 932 2158; x_wconf 86' lang='lat' dir='ltr'>una</span> <span class='ocrx_word' id='word_1_139' title='bbox 952 2119 1017 2160; x_wconf 90' lang='lat' dir='ltr'>cum</span> <span class='ocrx_word' id='word_1_140' title='bbox 1034 2101 1161 2160; x_wconf 84' lang='lat' dir='ltr'>Zenonis</span> <span class='ocrx_word' id='word_1_141' title='bbox 1178 2101 1396 2162; x_wconf 84' lang='lat' dir='ltr'>commentariis</span> 
     </span>
    </p>
   </div>
   <div class='ocr_carea' id='block_1_7' title="bbox 311 2199 1396 2479">
    <p class='ocr_par' dir='ltr' id='par_1_7' title="bbox 311 2199 1396 2479">
     <span class='ocr_line' id='line_1_18' title="bbox 312 2199 1396 2280; baseline -0.001 -19"><span class='ocrx_word' id='word_1_142' title='bbox 312 2205 553 2261; x_wconf 86' lang='lat' dir='ltr'>commemoratos</span> <span class='ocrx_word' id='word_1_143' title='bbox 577 2221 596 2259; x_wconf 88' lang='lat' dir='ltr'>a</span> <span class='ocrx_word' id='word_1_144' title='bbox 611 2199 892 2280; x_wconf 78' lang='lat' dir='ltr'>Diog.Laert.(11‚</span> <span class='ocrx_word' id='word_1_145' title='bbox 918 2203 989 2280; x_wconf 81' lang='lat'>120)</span> <span class='ocrx_word' id='word_1_146' title='bbox 1013 2202 1045 2259; x_wconf 93' lang='lat' dir='ltr'>in</span> <span class='ocrx_word' id='word_1_147' title='bbox 1063 2202 1208 2278; x_wconf 84' lang='lat' dir='ltr'>Stilponis</span> <span class='ocrx_word' id='word_1_148' title='bbox 1225 2202 1310 2260; x_wconf 89' lang='lat' dir='ltr'>libris</span> <span class='ocrx_word' id='word_1_149' title='bbox 1335 2221 1396 2260; x_wconf 89' lang='lat' dir='ltr'>non</span> 
     </span>
     <span class='ocr_line' id='line_1_19' title="bbox 312 2301 1396 2404; baseline 0 -43"><span class='ocrx_word' id='word_1_150' title='bbox 312 2301 496 2376; x_wconf 87' lang='lat' dir='ltr'>enumerari,</span> <span class='ocrx_word' id='word_1_151' title='bbox 518 2305 649 2361; x_wconf 90' lang='lat' dir='ltr'>ettamen</span> <span class='ocrx_word' id='word_1_152' title='bbox 666 2301 698 2360; x_wconf 92' lang='lat' dir='ltr'>in</span> <span class='ocrx_word' id='word_1_153' title='bbox 713 2301 761 2360; x_wconf 92' lang='lat' dir='ltr'>his</span> <span class='ocrx_word' id='word_1_154' title='bbox 774 2321 839 2361; x_wconf 89' lang='lat' dir='ltr'>esse</span> <span class='ocrx_word' id='word_1_155' title='bbox 856 2303 1028 2404; x_wconf 79' lang='lat' dir='ltr'>nonnullos,</span> <span class='ocrx_word' id='word_1_156' title='bbox 1050 2302 1157 2380; x_wconf 91' lang='lat' dir='ltr'>quibus</span> <span class='ocrx_word' id='word_1_157' title='bbox 1173 2303 1235 2360; x_wconf 87' lang='lat' dir='ltr'>fere</span> <span class='ocrx_word' id='word_1_158' title='bbox 1253 2320 1296 2373; x_wconf 89' lang='lat' dir='ltr'>ee,</span> <span class='ocrx_word' id='word_1_159' title='bbox 1319 2321 1396 2382; x_wconf 89' lang='lat' dir='ltr'>quae</span> 
     </span>
     <span class='ocr_line' id='line_1_20' title="bbox 311 2402 1394 2479; baseline 0.003 -18"><span class='ocrx_word' id='word_1_160' title='bbox 311 2403 456 2464; x_wconf 87' lang='lat' dir='ltr'>Persaeus</span> <span class='ocrx_word' id='word_1_161' title='bbox 474 2405 636 2463; x_wconf 89' lang='lat' dir='ltr'>secundum</span> <span class='ocrx_word' id='word_1_162' title='bbox 655 2404 842 2463; x_wconf 85' lang='lat' dir='ltr'>Athenaeum</span> <span class='ocrx_word' id='word_1_163' title='bbox 865 2405 1028 2479; x_wconf 79' lang='lat' dir='ltr'>excerpsit,</span> <span class='ocrx_word' id='word_1_164' title='bbox 1051 2402 1198 2463; x_wconf 88' lang='lat' dir='ltr'>contineri</span> <span class='ocrx_word' id='word_1_165' title='bbox 1216 2406 1394 2478; x_wconf 78' lang='lat' dir='ltr'>potuerunt²</span> 
     </span>
    </p>
   </div>
   <div class='ocr_carea' id='block_1_8' title="bbox 311 2497 1394 2890">
    <p class='ocr_par' dir='ltr' id='par_1_8' title="bbox 311 2497 1394 2890">
     <span class='ocr_line' id='line_1_21' title="bbox 312 2497 1392 2585; baseline 0.001 -20"><span class='ocrx_word' id='word_1_166' title='bbox 312 2499 439 2582; x_wconf 82' lang='grc' dir='ltr'><strong><em>Μόσχος</em></strong></span> <span class='ocrx_word' id='word_1_167' title='bbox 454 2509 486 2565; x_wconf 90' lang='lat' dir='ltr'>et</span> <span class='ocrx_word' id='word_1_168' title='bbox 497 2498 690 2585; x_wconf 81' lang='grc' dir='ltr'><strong><em>Ἀρίστιππος</em></strong></span> <span class='ocrx_word' id='word_1_169' title='bbox 708 2497 729 2581; x_wconf 75' lang='grc' dir='ltr'><em>ἢ</em></span> <span class='ocrx_word' id='word_1_170' title='bbox 751 2503 887 2574; x_wconf 84' lang='grc' dir='ltr'><strong><em>Καλλίας.</em></strong></span> <span class='ocrx_word' id='word_1_171' title='bbox 931 2505 1029 2571; x_wconf 86' lang='lat' dir='ltr'>Etiam</span> <span class='ocrx_word' id='word_1_172' title='bbox 1051 2504 1133 2563; x_wconf 77' lang='lat' dir='ltr'>&#39;inter</span> <span class='ocrx_word' id='word_1_173' title='bbox 1150 2503 1277 2563; x_wconf 89' lang='lat' dir='ltr'>Zenonis</span> <span class='ocrx_word' id='word_1_174' title='bbox 1299 2505 1392 2582; x_wconf 86' lang='lat' dir='ltr'>libros</span> 
     </span>
     <span class='ocr_line' id='line_1_22' title="bbox 311 2605 1392 2686; baseline 0 -20"><span class='ocrx_word' id='word_1_175' title='bbox 311 2607 433 2666; x_wconf 81' lang='lat' dir='ltr'>fuerunt</span> <span class='ocrx_word' id='word_1_176' title='bbox 451 2609 544 2667; x_wconf 92' lang='lat' dir='ltr'>multo</span> <span class='ocrx_word' id='word_1_177' title='bbox 568 2607 714 2683; x_wconf 85' lang='lat' dir='ltr'>aptiores,</span> <span class='ocrx_word' id='word_1_178' title='bbox 746 2608 799 2686; x_wconf 90' lang='lat' dir='ltr'>qui</span> <span class='ocrx_word' id='word_1_179' title='bbox 825 2608 858 2666; x_wconf 89' lang='lat' dir='ltr'>in</span> <span class='ocrx_word' id='word_1_180' title='bbox 885 2605 1096 2682; x_wconf 83' lang='lat' dir='ltr'>componendis</span> <span class='ocrx_word' id='word_1_181' title='bbox 1113 2609 1306 2681; x_wconf 80' lang='grc' dir='ltr'><strong><em>συμποτικοῖς</em></strong></span> <span class='ocrx_word' id='word_1_182' title='bbox 1328 2606 1392 2666; x_wconf 79' lang='lat' dir='ltr'>dre·</span> 
     </span>
     <span class='ocr_line' id='line_1_23' title="bbox 311 2699 1392 2790; baseline 0.004 -24"><span class='ocrx_word' id='word_1_183' title='bbox 311 2701 410 2786; x_wconf 73' lang='grc' dir='ltr'><strong><em>λόγοις</em></strong></span> <span class='ocrx_word' id='word_1_184' title='bbox 435 2712 681 2784; x_wconf 78' lang='lat' dir='ltr'>excerperentur,</span> <span class='ocrx_word' id='word_1_185' title='bbox 713 2727 801 2787; x_wconf 90' lang='lat' dir='ltr'>quam</span> <span class='ocrx_word' id='word_1_186' title='bbox 826 2699 1133 2782; x_wconf 74' lang='grc' dir='ltr'><strong><em>ἀπομνημονεύματα,</em></strong></span> <span class='ocrx_word' id='word_1_187' title='bbox 1166 2708 1251 2768; x_wconf 89' lang='lat' dir='ltr'>velut</span> <span class='ocrx_word' id='word_1_188' title='bbox 1271 2709 1308 2783; x_wconf 92' lang='lat' dir='ltr'>ii,</span> <span class='ocrx_word' id='word_1_189' title='bbox 1338 2710 1392 2790; x_wconf 89' lang='lat' dir='ltr'>qni</span> 
     </span>
     <span class='ocr_line' id='line_1_24' title="bbox 312 2803 1394 2890; baseline 0.002 -20"><span class='ocrx_word' id='word_1_190' title='bbox 312 2814 578 2870; x_wconf 88' lang='lat' dir='ltr'>commemorantur</span> <span class='ocrx_word' id='word_1_191' title='bbox 599 2809 679 2884; x_wconf 90' lang='lat' dir='ltr'>apud</span> <span class='ocrx_word' id='word_1_192' title='bbox 701 2809 787 2883; x_wconf 87' lang='lat' dir='ltr'>Dieg.</span> <span class='ocrx_word' id='word_1_193' title='bbox 814 2809 912 2868; x_wconf 80' lang='lat' dir='ltr'>Lae&#39;rt</span> <span class='ocrx_word' id='word_1_194' title='bbox 932 2808 1005 2882; x_wconf 88' lang='lat' dir='ltr'>VII,</span> <span class='ocrx_word' id='word_1_195' title='bbox 1028 2814 1084 2869; x_wconf 79' lang='lat'>34:</span> <span class='ocrx_word' id='word_1_196' title='bbox 1100 2805 1185 2888; x_wconf 77' lang='grc' dir='ltr'><strong><em>περὶ</em></strong></span> <span class='ocrx_word' id='word_1_197' title='bbox 1203 2803 1225 2867; x_wconf 86' lang='grc' dir='ltr'><strong><em>τ’</em></strong></span> <span class='ocrx_word' id='word_1_198' title='bbox 1245 2807 1394 2890; x_wconf 73' lang='grc' dir='ltr'><strong><em>ἐρωτικῶν</em></strong></span> 
     </span>
    </p>
   </div>
   <div class='ocr_carea' id='block_1_9' title="bbox 311 3005 1393 4319">
    <p class='ocr_par' dir='ltr' id='par_1_9' title="bbox 312 3005 1393 3394">
     <span class='ocr_line' id='line_1_25' title="bbox 312 3005 1393 3094; baseline 0.002 -22"><span class='ocrx_word' id='word_1_199' title='bbox 312 3005 385 3072; x_wconf 72' lang='grc' dir='ltr'>ἄλλα</span> <span class='ocrx_word' id='word_1_200' title='bbox 401 3010 453 3072; x_wconf 79' lang='grc' dir='ltr'>καὶ</span> <span class='ocrx_word' id='word_1_201' title='bbox 471 3010 502 3072; x_wconf 78' lang='grc' dir='ltr'>ἐν</span> <span class='ocrx_word' id='word_1_202' title='bbox 525 3016 591 3083; x_wconf 85' lang='grc' dir='ltr'><strong><em>ταῖς</em></strong></span> <span class='ocrx_word' id='word_1_203' title='bbox 610 3010 775 3091; x_wconf 78' lang='grc' dir='ltr'><strong><em>διατριβαῖς</em></strong></span> <span class='ocrx_word' id='word_1_204' title='bbox 794 3006 985 3090; x_wconf 76' lang='grc' dir='ltr'><strong><em>παραπλήσια</em></strong></span> <span class='ocrx_word' id='word_1_205' title='bbox 1011 3007 1128 3092; x_wconf 72' lang='grc' dir='ltr'><strong><em>γράφει.</em></strong></span> <span class='ocrx_word' id='word_1_206' title='bbox 1173 3017 1280 3094; x_wconf 90' lang='lat' dir='ltr'>Itaque</span> <span class='ocrx_word' id='word_1_207' title='bbox 1298 3017 1393 3075; x_wconf 89' lang='lat' dir='ltr'>Athe·</span> 
     </span>
     <span class='ocr_line' id='line_1_26' title="bbox 312 3114 1391 3192; baseline -0.002 -19"><span class='ocrx_word' id='word_1_208' title='bbox 312 3134 403 3174; x_wconf 89' lang='lat' dir='ltr'>naeus</span> <span class='ocrx_word' id='word_1_209' title='bbox 425 3114 523 3173; x_wconf 88' lang='lat' dir='ltr'>miuus</span> <span class='ocrx_word' id='word_1_210' title='bbox 546 3120 681 3173; x_wconf 87' lang='lat' dir='ltr'>accurate</span> <span class='ocrx_word' id='word_1_211' title='bbox 699 3115 791 3174; x_wconf 89' lang='lat' dir='ltr'>libros</span> <span class='ocrx_word' id='word_1_212' title='bbox 808 3117 973 3191; x_wconf 87' lang='lat' dir='ltr'>complures</span> <span class='ocrx_word' id='word_1_213' title='bbox 997 3121 1027 3174; x_wconf 89' lang='lat' dir='ltr'>et</span> <span class='ocrx_word' id='word_1_214' title='bbox 1044 3116 1189 3192; x_wconf 83' lang='lat' dir='ltr'>Stilponis</span> <span class='ocrx_word' id='word_1_215' title='bbox 1210 3121 1240 3174; x_wconf 91' lang='lat' dir='ltr'>et</span> <span class='ocrx_word' id='word_1_216' title='bbox 1255 3115 1391 3185; x_wconf 86' lang='lat' dir='ltr'>Zenonis,</span> 
     </span>
     <span class='ocr_line' id='line_1_27' title="bbox 314 3209 1391 3297; baseline -0.002 -23"><span class='ocrx_word' id='word_1_217' title='bbox 314 3235 388 3297; x_wconf 89' lang='lat' dir='ltr'>qnos</span> <span class='ocrx_word' id='word_1_218' title='bbox 409 3234 509 3275; x_wconf 89' lang='lat' dir='ltr'>omnes</span> <span class='ocrx_word' id='word_1_219' title='bbox 532 3216 677 3274; x_wconf 87' lang='lat' dir='ltr'>Persaeus</span> <span class='ocrx_word' id='word_1_220' title='bbox 700 3217 863 3293; x_wconf 91' lang='lat' dir='ltr'>excerpsit,</span> <span class='ocrx_word' id='word_1_221' title='bbox 893 3217 1015 3276; x_wconf 89' lang='lat' dir='ltr'>videtur</span> <span class='ocrx_word' id='word_1_222' title='bbox 1040 3217 1115 3274; x_wconf 88' lang='lat' dir='ltr'>mihi</span> <span class='ocrx_word' id='word_1_223' title='bbox 1137 3235 1197 3274; x_wconf 87' lang='lat' dir='ltr'>nna</span> <span class='ocrx_word' id='word_1_224' title='bbox 1216 3209 1391 3290; x_wconf 79' lang='grc' dir='ltr'><strong><em>ἀπομνημο-</em></strong></span> 
     </span>
     <span class='ocr_line' id='line_1_28' title="bbox 313 3309 1096 3394; baseline 0.001 -17"><span class='ocrx_word' id='word_1_225' title='bbox 313 3309 468 3394; x_wconf 80' lang='grc' dir='ltr'><strong><em>νευμάτων</em></strong></span> <span class='ocrx_word' id='word_1_226' title='bbox 489 3335 563 3377; x_wconf 90' lang='lat' dir='ltr'>voce</span> <span class='ocrx_word' id='word_1_227' title='bbox 585 3319 853 3394; x_wconf 87' lang='lat' dir='ltr'>comprehendisse.</span> <span class='ocrx_word' id='word_1_228' title='bbox 1093 3311 1096 3318; x_wconf 73' lang='grc'><strong>’</strong></span> 
     </span>
    </p>

    <p class='ocr_par' dir='ltr' id='par_1_10' title="bbox 311 3418 1393 4319">
     <span class='ocr_line' id='line_1_29' title="bbox 399 3418 1393 3502; baseline 0.001 -24"><span class='ocrx_word' id='word_1_229' title='bbox 399 3419 560 3496; x_wconf 80' lang='lat' dir='ltr'>Chrysippi</span> <span class='ocrx_word' id='word_1_230' title='bbox 575 3424 718 3479; x_wconf 89' lang='lat' dir='ltr'>eteorum</span> <span class='ocrx_word' id='word_1_231' title='bbox 729 3420 781 3502; x_wconf 91' lang='lat' dir='ltr'>qui</span> <span class='ocrx_word' id='word_1_232' title='bbox 792 3422 872 3480; x_wconf 91' lang='lat' dir='ltr'>hunc</span> <span class='ocrx_word' id='word_1_233' title='bbox 887 3421 981 3480; x_wconf 88' lang='lat' dir='ltr'>secuti</span> <span class='ocrx_word' id='word_1_234' title='bbox 991 3424 1062 3480; x_wconf 91' lang='lat' dir='ltr'>sunt</span> <span class='ocrx_word' id='word_1_235' title='bbox 1072 3419 1235 3480; x_wconf 85' lang='lat' dir='ltr'>Stoicorum</span> <span class='ocrx_word' id='word_1_236' title='bbox 1248 3418 1340 3478; x_wconf 92' lang='lat' dir='ltr'>libros</span> <span class='ocrx_word' id='word_1_237' title='bbox 1356 3421 1393 3479; x_wconf 91' lang='lat' dir='ltr'>de</span> 
     </span>
     <span class='ocr_line' id='line_1_30' title="bbox 313 3519 1392 3602; baseline 0 -23"><span class='ocrx_word' id='word_1_238' title='bbox 313 3519 497 3580; x_wconf 87' lang='lat' dir='ltr'>divinatione</span> <span class='ocrx_word' id='word_1_239' title='bbox 515 3525 567 3580; x_wconf 85' lang='lat' dir='ltr'>eut</span> <span class='ocrx_word' id='word_1_240' title='bbox 583 3521 683 3602; x_wconf 89' lang='lat' dir='ltr'>aliqua</span> <span class='ocrx_word' id='word_1_241' title='bbox 698 3522 761 3581; x_wconf 88' lang='lat' dir='ltr'>eins</span> <span class='ocrx_word' id='word_1_242' title='bbox 778 3527 862 3599; x_wconf 84' lang='lat' dir='ltr'>parte</span> <span class='ocrx_word' id='word_1_243' title='bbox 887 3522 1013 3599; x_wconf 90' lang='lat' dir='ltr'>scriptos</span> <span class='ocrx_word' id='word_1_244' title='bbox 1029 3522 1215 3582; x_wconf 88' lang='lat' dir='ltr'>enumeravit</span> <span class='ocrx_word' id='word_1_245' title='bbox 1238 3525 1268 3580; x_wconf 91' lang='lat' dir='ltr'>et</span> <span class='ocrx_word' id='word_1_246' title='bbox 1282 3521 1392 3594; x_wconf 88' lang='lat' dir='ltr'>omnia,</span> 
     </span>
     <span class='ocr_line' id='line_1_31' title="bbox 313 3621 1392 3705; baseline 0 -25"><span class='ocrx_word' id='word_1_247' title='bbox 313 3641 389 3702; x_wconf 89' lang='lat' dir='ltr'>quae</span> <span class='ocrx_word' id='word_1_248' title='bbox 413 3622 449 3680; x_wconf 91' lang='lat' dir='ltr'>de</span> <span class='ocrx_word' id='word_1_249' title='bbox 466 3621 505 3681; x_wconf 89' lang='lat' dir='ltr'>iis</span> <span class='ocrx_word' id='word_1_250' title='bbox 522 3629 704 3698; x_wconf 88' lang='lat' dir='ltr'>compertum</span> <span class='ocrx_word' id='word_1_251' title='bbox 722 3625 865 3683; x_wconf 84' lang='lat' dir='ltr'>hebemus</span> <span class='ocrx_word' id='word_1_252' title='bbox 888 3625 1028 3701; x_wconf 88' lang='lat' dir='ltr'>exposuit</span> <span class='ocrx_word' id='word_1_253' title='bbox 1044 3625 1075 3684; x_wconf 86' lang='lat'>0.</span> <span class='ocrx_word' id='word_1_254' title='bbox 1094 3624 1287 3705; x_wconf 85' lang='lat' dir='ltr'>Wachsmuth</span> <span class='ocrx_word' id='word_1_255' title='bbox 1305 3623 1337 3681; x_wconf 92' lang='lat' dir='ltr'>in</span> <span class='ocrx_word' id='word_1_256' title='bbox 1354 3621 1392 3680; x_wconf 91' lang='lat' dir='ltr'>li·</span> 
     </span>
     <span class='ocr_line' id='line_1_32' title="bbox 311 3724 1391 3804; baseline -0.004 -19"><span class='ocrx_word' id='word_1_257' title='bbox 311 3724 390 3785; x_wconf 92' lang='lat' dir='ltr'>bello</span> <span class='ocrx_word' id='word_1_258' title='bbox 408 3744 495 3804; x_wconf 89' lang='lat' dir='ltr'>quem</span> <span class='ocrx_word' id='word_1_259' title='bbox 511 3724 632 3802; x_wconf 85' lang='lat' dir='ltr'>scripsit</span> <span class='ocrx_word' id='word_1_260' title='bbox 652 3727 689 3784; x_wconf 90' lang='lat' dir='ltr'>de</span> <span class='ocrx_word' id='word_1_261' title='bbox 703 3725 868 3786; x_wconf 82' lang='lat' dir='ltr'>Stoicorum</span> <span class='ocrx_word' id='word_1_262' title='bbox 892 3729 928 3786; x_wconf 91' lang='lat' dir='ltr'>de</span> <span class='ocrx_word' id='word_1_263' title='bbox 946 3727 1131 3787; x_wconf 86' lang='lat' dir='ltr'>divinatione</span> <span class='ocrx_word' id='word_1_264' title='bbox 1147 3731 1177 3786; x_wconf 88' lang='lat' dir='ltr'>et</span> <span class='ocrx_word' id='word_1_265' title='bbox 1200 3724 1391 3784; x_wconf 88' lang='lat' dir='ltr'>daemonibus</span> 
     </span>
     <span class='ocr_line' id='line_1_33' title="bbox 313 3825 1393 3904; baseline 0.001 -19"><span class='ocrx_word' id='word_1_266' title='bbox 313 3825 432 3904; x_wconf 89' lang='lat' dir='ltr'>placitis</span> <span class='ocrx_word' id='word_1_267' title='bbox 456 3826 536 3904; x_wconf 86' lang='lat' dir='ltr'>(„die</span> <span class='ocrx_word' id='word_1_268' title='bbox 559 3827 723 3887; x_wconf 89' lang='lat' dir='ltr'>Ansichten</span> <span class='ocrx_word' id='word_1_269' title='bbox 748 3830 799 3887; x_wconf 91' lang='lat' dir='ltr'>der</span> <span class='ocrx_word' id='word_1_270' title='bbox 816 3828 935 3888; x_wconf 82' lang='lat' dir='ltr'>Stoiker</span> <span class='ocrx_word' id='word_1_271' title='bbox 957 3831 1031 3888; x_wconf 86' lang='lat' dir='ltr'>iiber</span> <span class='ocrx_word' id='word_1_272' title='bbox 1047 3828 1166 3888; x_wconf 83' lang='lat' dir='ltr'>Mantik</span> <span class='ocrx_word' id='word_1_273' title='bbox 1189 3829 1252 3887; x_wconf 88' lang='lat' dir='ltr'>und</span> <span class='ocrx_word' id='word_1_274' title='bbox 1267 3827 1393 3886; x_wconf 85' lang='lat' dir='ltr'>Daemo-</span> 
     </span>
     <span class='ocr_line' id='line_1_34' title="bbox 313 3927 1391 4007; baseline -0.002 -19"><span class='ocrx_word' id='word_1_275' title='bbox 313 3933 391 3988; x_wconf 90' lang='lat' dir='ltr'>nen“</span> <span class='ocrx_word' id='word_1_276' title='bbox 412 3927 515 3986; x_wconf 89' lang='lat' dir='ltr'>Berlin</span> <span class='ocrx_word' id='word_1_277' title='bbox 533 3928 626 4006; x_wconf 83' lang='lat'>1860)</span> <span class='ocrx_word' id='word_1_278' title='bbox 645 3949 674 4006; x_wconf 90' lang='lat' dir='ltr'>p.</span> <span class='ocrx_word' id='word_1_279' title='bbox 694 3935 837 3989; x_wconf 80' lang='lat'>12-15.</span> <span class='ocrx_word' id='word_1_280' title='bbox 881 3931 953 3990; x_wconf 82' lang='lat' dir='ltr'>Cum</span> <span class='ocrx_word' id='word_1_281' title='bbox 972 3936 1037 3990; x_wconf 88' lang='lat' dir='ltr'>acta</span> <span class='ocrx_word' id='word_1_282' title='bbox 1054 3950 1140 4007; x_wconf 81' lang='lat' dir='ltr'>agere</span> <span class='ocrx_word' id='word_1_283' title='bbox 1156 3930 1263 4002; x_wconf 90' lang='lat' dir='ltr'>nolim,</span> <span class='ocrx_word' id='word_1_284' title='bbox 1284 3929 1391 3987; x_wconf 87' lang='lat' dir='ltr'>iterate</span> 
     </span>
     <span class='ocr_line' id='line_1_35' title="bbox 312 4028 1391 4109; baseline -0.001 -21"><span class='ocrx_word' id='word_1_285' title='bbox 312 4028 491 4106; x_wconf 87' lang='lat' dir='ltr'>repetitione</span> <span class='ocrx_word' id='word_1_286' title='bbox 513 4028 647 4090; x_wconf 88' lang='lat' dir='ltr'>abstineo</span> <span class='ocrx_word' id='word_1_287' title='bbox 675 4035 706 4090; x_wconf 90' lang='lat' dir='ltr'>et</span> <span class='ocrx_word' id='word_1_288' title='bbox 729 4032 868 4092; x_wconf 89' lang='lat' dir='ltr'>lectorem</span> <span class='ocrx_word' id='word_1_289' title='bbox 898 4034 935 4092; x_wconf 90' lang='lat' dir='ltr'>ad</span> <span class='ocrx_word' id='word_1_290' title='bbox 958 4033 1189 4109; x_wconf 85' lang='lat' dir='ltr'>disputationem</span> <span class='ocrx_word' id='word_1_291' title='bbox 1216 4031 1391 4090; x_wconf 89' lang='lat' dir='ltr'>Wachsmu·</span> 
     </span>
     <span class='ocr_line' id='line_1_36' title="bbox 312 4131 1390 4212; baseline 0 -21"><span class='ocrx_word' id='word_1_292' title='bbox 312 4131 444 4191; x_wconf 87' lang='lat' dir='ltr'>thicnam</span> <span class='ocrx_word' id='word_1_293' title='bbox 460 4131 595 4207; x_wconf 84' lang='lat' dir='ltr'>relegans</span> <span class='ocrx_word' id='word_1_294' title='bbox 611 4153 759 4210; x_wconf 86' lang='lat' dir='ltr'>perpauca</span> <span class='ocrx_word' id='word_1_295' title='bbox 777 4136 860 4195; x_wconf 91' lang='lat' dir='ltr'>addo.</span> <span class='ocrx_word' id='word_1_296' title='bbox 903 4134 1067 4195; x_wconf 86' lang='lat' dir='ltr'>Non&#39;recte</span> <span class='ocrx_word' id='word_1_297' title='bbox 1087 4134 1207 4212; x_wconf 87' lang='lat' dir='ltr'>scripsit</span> <span class='ocrx_word' id='word_1_298' title='bbox 1223 4132 1272 4194; x_wconf 91' lang='lat' dir='ltr'>vir</span> <span class='ocrx_word' id='word_1_299' title='bbox 1287 4135 1390 4195; x_wconf 90' lang='lat' dir='ltr'>doctus</span> 
     </span>
     <span class='ocr_line' id='line_1_37' title="bbox 313 4232 1389 4319; baseline 0.002 -29"><span class='ocrx_word' id='word_1_300' title='bbox 313 4232 355 4312; x_wconf 86' lang='lat' dir='ltr'>(p.</span> <span class='ocrx_word' id='word_1_301' title='bbox 376 4233 440 4309; x_wconf 82' lang='lat'>13),</span> <span class='ocrx_word' id='word_1_302' title='bbox 463 4233 571 4292; x_wconf 87' lang='lat' dir='ltr'>librum</span> <span class='ocrx_word' id='word_1_303' title='bbox 590 4234 753 4312; x_wconf 68' lang='lat' dir='ltr'>Chrysippi·</span> <span class='ocrx_word' id='word_1_304' title='bbox 774 4235 919 4319; x_wconf 87' lang='lat' dir='ltr'>appellari</span> <span class='ocrx_word' id='word_1_305' title='bbox 943 4257 959 4295; x_wconf 89' lang='lat' dir='ltr'>a</span> <span class='ocrx_word' id='word_1_306' title='bbox 979 4235 1086 4296; x_wconf 88' lang='lat' dir='ltr'>Photio</span> <span class='ocrx_word' id='word_1_307' title='bbox 1108 4237 1147 4294; x_wconf 88' lang='lat' dir='ltr'>in·</span> <span class='ocrx_word' id='word_1_308' title='bbox 1165 4233 1389 4314; x_wconf 86' lang='lat' dir='ltr'>quaestionibus</span> 
     </span>
    </p>
   </div>
   <div class='ocr_carea' id='block_1_10' title="bbox 0 0 1558 5013">
    <p class='ocr_par' dir='ltr' id='par_1_11' title="bbox 0 0 1558 5013">
     <span class='ocr_line' id='line_1_38' title="bbox 0 0 1558 5013; baseline 0 0"><span class='ocrx_word' id='word_1_309' title='bbox 0 0 1558 5013; x_wconf 95' lang='lat' dir='ltr'> </span> 
     </span>
    </p>
   </div>
  </div>
 </body>
</html>
