3106 5018
805 372 846 435 10

275 528 411 598 buendu‚
434 524 487 604 qui
510 528 610 586 tentus
628 543 692 586 esse
708 543 769 584 non
784 523 893 600 possit,
915 527 949 586 ut
968 524 1089 588 omnino
1105 523 1262 586 veritatem
1280 544 1359 584 asse·

277 631 401 707 quetur,
431 645 527 706 neque
550 627 641 689 ullam
657 630 750 688 artem
775 625 957 702 opinabilem
974 645 1127 704 nunquam
1146 625 1249 714 tabere
1267 625 1298 704 (5
1316 633 1357 686 23

278 730 393 806 -csp

362 831 410 892 Ito
432 829 617 894 divinatione
640 829 782 892 universo
801 831 923 892 defense
944 829 1045 890 Cicero
1065 828 1240 892 incisionem
1264 848 1358 908 quan·

278 933 345 992 dem
376 931 588 1006 disputationis
619 930 693 992 facit
713 931 895 992 disserendo
923 932 960 992 de
988 931 1189 992 &manorum
1214 949 1358 1006 augurum

277 1031 638 1111 scientin(c.15-17).
684 1034 825 1092 Revera
848 1036 946 1094 autem
970 1032 1140 1094 universam
1163 1032 1357 1094 divinationis

277 1134 481 1197 detonsionem
507 1153 571 1194 esee
596 1135 746 1196 cardinem
773 1133 976 1196 antecedentis
999 1133 1210 1210 disputationis
1233 1133 1358 1197 nanne-

277 1238 356 1296 stum
373 1237 408 1294 fit
426 1235 515 1296 etiarn
539 1255 578 1294 ex
595 1235 746 1298 Ciceronis
761 1236 863 1304 vorbis
880 1235 970 1298 buius
988 1255 1131 1298 summum
1146 1235 1357 1308 indicantibus,

278 1355 355 1414 quse
372 1336 497 1412 legimus
514 1335 600 1413 §162
624 1356 705 1413 „pro
725 1339 803 1396 omni
817 1337 911 1413 igitur
926 1340 1102 1398 divinatione
1115 1337 1194 1398 idem
1210 1339 1288 1417 quod
1302 1355 1357 1414 pro

277 1439 367 1499 robus
388 1437 442 1512 iis,
466 1457 539 1516 quas
561 1439 802 1510 commemoravi,
825 1441 1037 1514 respondebo.“
1093 1491 1097 1496 .

365 1531 431 1604 ‘itta
454 1559 487 1600 re
512 1541 649 1600 obsolute
671 1539 773 1601 Cicero
798 1539 992 1602 divinationis
1019 1539 1197 1604 divisionem
1222 1543 1357 1602 aooumtc

278 1641 421 1717 proponit
436 1642 465 1720 (ς
484 1643 554 1719 34);
576 1661 652 1721 quae
669 1643 749 1721 quod
766 1661 907 1717 generum
924 1643 1028 1702 ordine
1047 1661 1108 1702 non
1123 1642 1244 1704 diversa
1257 1647 1304 1704 est
1319 1643 1356 1702 ob

277 1759 329 1812 ea,
362 1762 450 1821 quam
475 1743 601 1819 legimus
627 1743 715 1805 initio
739 1745 831 1806 totius
854 1744 1065 1820 disputationis
1088 1744 1177 1822 (511
1205 1745 1271 1817 fin,
1296 1745 1357 1823 12),

277 1843 447 1906 testimonio
463 1851 516 1918 est,
538 1845 709 1907 Ciceronem
722 1850 848 1924 utroque
864 1847 928 1907 loco
940 1848 1068 1908 eundem
1083 1847 1256 1923 scriptorem
1268 1847 1359 1908 Grae·

276 1964 345 2004 cum
367 1945 461 2024 sequi.
505 1946 662 2009 Neminem
679 1952 776 2008 sutem
798 1947 892 2024 fugit,
913 1949 967 2008 has
984 1946 1147 2009 divisiones
1163 1947 1207 2008 ita
1228 1948 1309 2010 inter
1326 1967 1359 2011 se

277 2046 412 2120 differre,
437 2051 472 2107 ut
489 2048 642 2128 superiore
660 2048 689 2128 (ξ
714 2055 767 2122 11,
792 2051 843 2124 12)
868 2070 955 2128 quam
979 2049 1154 2112 brevissimo
1175 2049 1359 2126 significetur

276 2148 374 2208 omnis
404 2143 565 2222 divinatio,
596 2169 655 2230 quo
682 2152 789 2212 melius
813 2153 958 2226 legentes·
972 2151 1081 2212 librum
1106 2152 1177 2212 inde
1203 2154 1241 2211 ab
1266 2152 1357 2214 initio

277 2250 390 2323 soient,
412 2252 521 2330 quibus
540 2254 577 2314 de
599 2254 688 2314 rebus
709 2253 741 2312 in
759 2252 952 2331 sequentibus
969 2271 1064 2313 sermo
1084 2251 1275 2326 intumuit,
1304 2271 1358 2329 po·

277 2351 404 2412 sterioro
426 2357 525 2414 eutem
541 2355 634 2416 multo
651 2355 771 2416 uberius
788 2354 906 2429 singula
922 2358 1127 2430 exponantur,
1148 2358 1238 2434 eiquo
1253 2358 1288 2415 ut
1304 2373 1358 2431 ap·

276 2458 396 2530 parent,
417 2455 495 2516 hanc
509 2456 632 2518 alterum
646 2457 824 2519 divisionem
840 2456 995 2517 exordium
1012 2475 1186 2516 ossonovss
1201 2456 1273 2516 libri
1288 2475 1356 2532 pnr-

277 2554 318 2615 tis
342 2556 524 2620 continentis
547 2558 787 2640 disquisitionem
804 2560 841 2620 de
865 2556 990 2632 singulis
1012 2556 1169 2618 divinandi
1188 2556 1356 2632 generibus.

277 2660 438 2718 Auctorem
454 2668 552 2726 autom
562 2662 715 2733 (ireseum,
729 2661 812 2720 cuins
826 2680 866 2719 ex
881 2660 957 2721 libro
974 2660 1076 2722 cicero
1089 2661 1166 2720 hsnc
1178 2657 1357 2720 divisionem

278 2759 414 2834 sumpsit,
436 2779 496 2821 non
512 2761 604 2824 fnisse
620 2761 820 2838 Chrysippum
835 2761 901 2821 veri
916 2761 1015 2822 similo
1027 2767 1074 2823 est
1087 2766 1256 2840 propterea,
1277 2762 1358 2842 quod

265 2841 319 2924 'ex
333 2860 423 2938 Diog.
443 2860 542 2925 tuere.
562 2862 637 2937 VII,
663 2868 720 2924 149
745 2859 808 2942 (nol
826 2853 920 2940 cirris
934 2863 1176 2943 (divinationem)
1190 2861 1241 2924 nol
1256 2860 1358 2942 τέχνην

280 2955 486 3036 ἀποφαίνουσι
504 2957 554 3024 διά
568 2984 651 3034 τινας
669 2959 820 3042 ἐκβάσεις,
843 2959 885 3037 oie
901 2982 1031 3043 φησι-
1044 3003 1087 3012 -
1101 2965 1153 3028 καὶ
1174 2960 1358 3044 Χρύσιππος

279 3060 311 3123 ἐν
333 3065 374 3145 τῷ
393 3061 520 3146 δευτέρῳ
539 3062 607 3144 περὶ
625 3068 780 3143 μαντικῆς)
795 3069 896 3142 colligi
911 3074 1026 3144 potest,
1055 3072 1180 3130 duorum
1196 3067 1358 3144 Chrysippi

279 3167 316 3228 de
341 3165 526 3226 divinatione
546 3166 690 3228 librorum
707 3168 900 3244 posteriorem
924 3168 1017 3228 finisse
1041 3171 1077 3228 de
1100 3167 1260 3228 artificioso
1278 3166 1356 3228 divi·

278 3266 370 3326 nandi
392 3286 515 3342 genere,
538 3267 667 3343 priorem
688 3268 780 3344 igitur
804 3270 842 3328 de
861 3268 1006 3340 naturali,
1027 3260 1080 3347 r‘pui
1098 3270 1170 3328 ordo
1193 3269 1357 3330 mntrsrius

279 3371 327 3432 est
342 3370 382 3442 ei,
405 3389 463 3450 quo
478 3370 652 3447 scriptorem
666 3392 683 3432 o
699 3371 840 3432 Cicerone
857 3369 1023 3432 adhibitum
1039 3389 1101 3430 rom
1117 3373 1258 3430 nanneno
1272 3371 1357 3433 vida-

279 3490 354 3533 mns.
397 3473 579 3531 Monendum
602 3473 707 3547 etium,
736 3494 754 3532 a
772 3473 913 3533 Cicerone
930 3469 959 3554 (ᾗ
974 3471 1028 3550 34)
1045 3473 1239 3549 Erythraeam
1254 3474 1357 3552 appel·

279 3572 336 3634 lori
356 3572 515 3650 Sibyllam,
542 3595 720 3656 quamquem
745 3575 775 3636 ei
796 3581 831 3636 ut
856 3573 972 3635 homini
995 3575 1129 3636 Romano
1153 3578 1222 3636 unte
1242 3578 1355 3636 ceteros

279 3677 412 3740 Cumana
432 3677 465 3736 in
479 3681 608 3738 mentem
628 3677 733 3737 venire
750 3677 866 3750 debuit,
888 3681 940 3737 out
955 3682 1034 3738 certe
1050 3676 1151 3754 potius
1166 3678 1223 3736 hoo
1238 3695 1356 3749 nomon,

279 3799 368 3858 quam
392 3779 484 3852 illud,
517 3779 543 3839 si
566 3779 696 3841 comana
720 3778 835 3856 Sibylla
863 3780 966 3839 eadem
988 3779 1047 3839 luit
1071 3783 1161 3858 atquo
1183 3779 1356 3854 Erythraeo„

279 3882 317 3940 In
341 3882 397 3940 hec
423 3898 594 3959 quoquere
617 3879 790 3956 scriptorem
806 3879 950 3941 Grsooum
972 3879 1166 3956 agnoscimus.
1210 3878 1357 3958 Quodque

280 3999 319 4043 ox
342 3982 475 4042 Varrone
498 3982 606 4041 scimus
628 3981 676 4060 (cf.
702 4001 731 4058 p.
749 3981 796 4058 b),
828 3981 1026 4059 Chrysippum
1047 3981 1080 4042 in
1101 3982 1163 4042 suis
1185 3983 1222 4042 de
1239 3979 1357 4042 divino·

280 4083 362 4150 tione
380 4083 465 4147 libris
488 4083 662 4146 disseruisse
682 4085 719 4147 de
741 4103 777 4146 ea
793 4083 923 4161 Sibylla,
955 4103 1030 4163 quae
1051 4083 1178 4161 Delphis
1200 4085 1271 4144 nate
1291 4099 1356 4142 esse

279 4186 448 4260 dicebatur,
469 4188 522 4247 aut
543 4187 606 4246 sols
621 4189 673 4248 aut
686 4185 846 4263 praecipue
867 4218 909 4232 -
932 4184 965 4245 id
979 4187 1059 4264 quod
1076 4205 1114 4244 ex
1131 4184 1274 4246 Varronis
1288 4201 1356 4245 ver·
1384 4245 1387 4250 .
