3106 5018
687 404 705 467 7

161 551 223 616 tem
241 575 305 616 esse
329 554 489 632 Chrysippi
515 555 736 629 definitionem,
772 559 809 618 de
834 577 892 636 que
915 579 985 619 mox
1010 560 1132 622 dioetnrz
1176 562 1240 624 inm

160 659 307 720 Zenonem
326 657 541 718 divinationem
560 657 592 716 in
616 659 675 718 duo
697 675 808 732 genere
823 659 962 720 divisisse
979 663 1076 722 sluost
1098 683 1137 722 ex
1152 663 1239 740 Diog.

159 759 258 818 Laese.
274 759 342 830 VII,
363 764 430 818 149.
473 759 531 818 Ubi
548 779 615 818 enm
631 759 762 820 dieutnr:
784 757 835 820 noi
852 753 947 838 niuniu
961 760 1026 822 καὶ
1043 760 1146 840 τέχνην
1164 759 1240 828 irne-

160 858 302 934 φαίνουσι
316 854 367 919 διό
379 880 460 930 τινας
477 853 612 936 ἐκβάσεις
630 865 661 920 et
673 861 753 921 inter
768 865 864 924 testes.
872 864 962 924 huius
978 865 1143 928 sententiee
1159 867 1239 928 Zeno

159 981 278 1041 quoque
299 963 440 1022 efferetur
457 963 510 1040 (oi.
530 983 559 1038 p.
576 963 626 1040 ὕ),
656 965 746 1024 etiem
768 965 903 1024 nemrels
926 965 1120 1028 divinationis
1146 987 1240 1044 genus

158 1070 276 1142 praeter
297 1063 489 1125 artifieiosum
510 1064 560 1124 hio
582 1084 700 1143 quoque
722 1065 860 1128 statuerit
881 1086 1002 1128 neeesse
1024 1073 1076 1128 est.

244 1163 327 1227 Quae
350 1166 502 1226 Cleanthis
525 1169 563 1225 de
585 1166 771 1228 divinatione
795 1167 887 1229 fuerit
915 1171 1063 1230 sententie
1091 1170 1240 1234 neseimus

158 1269 365 1344 praeterquam
389 1268 472 1344 quod·
484 1267 543 1326 (iio.
567 1268 605 1326 de
620 1271 681 1326 net.
695 1269 775 1328 deor.
791 1268 840 1340 11,
865 1274 897 1342 5,
923 1274 960 1328 le
977 1270 1087 1344 trudit,
1115 1291 1184 1332 eum
1204 1273 1239 1336 in

157 1365 269 1438 oensis,
300 1367 337 1426 de
360 1367 469 1446 quibus
488 1368 521 1428 in
545 1367 651 1428 animis
669 1368 823 1428 hominnm
846 1371 967 1430 deornm
990 1371 1128 1434 notiones
1145 1374 1240 1437 infor·

157 1472 252 1528 metue
280 1467 357 1542 sint,
392 1469 482 1530 etiem
508 1469 725 1530 divinedenem
752 1486 929 1534 numerasse.
973 1475 1036 1534 Isin
1063 1475 1144 1550 epud
1170 1493 1238 1540 eum

64 1561 67 1568 ’
154 1569 247 1644 igitur
263 1574 438 1644 argumente
452 1571 506 1630 ills
524 1571 566 1644 sio
583 1571 850 1648 reoiprooebentur,
873 1577 915 1646 ut,
938 1573 964 1632 si
981 1574 1012 1635 di
1023 1579 1141 1648 essent,¹
1159 1576 1238 1638 divi-

155 1671 236 1732 netio
253 1676 338 1743 esset,
356 1677 396 1744 et,
417 1672 443 1732 si
460 1678 538 1738 esset
553 1672 709 1746 divinatio,
726 1674 758 1732 di
773 1678 872 1734 essent
886 1673 957 1752 (Cio.
976 1676 1013 1734 de
1028 1675 1088 1736 div.
1105 1679 1130 1748 1,
1149 1682 1177 1750 5,
1194 1677 1235 1756 e).

240 1772 425 1849 Chrysippus
454 1775 616 1835 seeundum
641 1774 812 1836 Oieeronem
837 1775 887 1851 (de
909 1775 969 1836 div.
994 1775 1042 1849 ΙΙ,
1072 1783 1128 1850 dd,
1162 1781 1238 1857 leo)

154 1874 387 1948 ‚nivinseomm
411 1875 517 1938 definit
538 1876 586 1936 his
605 1876 720 1938 verbis:
753 1876 815 1938 vim
834 1881 1060 1952 eognoseentem
1083 1882 1114 1938 et
1130 1878 1237 1940 viden·

153 1982 213 2036 tem
230 1980 262 2036 et
277 1976 476 2052 explicantem
491 1978 592 2053 signs,
615 1997 692 2056 quoe
708 1997 725 2038 e
742 1978 788 2036 dis
804 1978 974 2041 hominibus
991 1981 1235 2054 portendentnr.“

154 2077 283 2138 Omnino
299 2066 433 2152 eundem,
454 2079 614 2156 Chrysippi
630 2078 724 2154 igitur
743 2079 947 2142 definitionem
963 2080 1092 2155 legimns
1105 2082 1137 2140 in
1152 2082 1234 2144 snb.

153 2179 206 2238 eol.
224 2181 284 2240 eth.
308 2199 337 2256 p.
357 2184 415 2240 122
439 2182 484 2240 ed.
502 2181 650 2242 fluerem:
681 2171 757 2240 εἶναι
782 2175 814 2243 di
837 2172 891 2257 niu
914 2174 1059 2257 pontoneis
1079 2199 1171 2256 φασιν
1190 2182 1235 2264 (oi

152 2281 295 2359 Στωικσῦ
322 2274 487 2359 ἐπιστήμην
518 2275 751 2363 θεωρηματικόν
774 2281 903 2359 σημείων
931 2283 991 2342 τῶν
1023 2276 1084 2343 sini
1108 2279 1233 2362 deoiooi

66 2419 72 2424 -
152 2375 305 2458 δαιμόνων
326 2376 403 2462 πρός
423 2377 618 2460 insedente
640 2382 707 2459 βίον
725 2377 953 2454 συντεινόντων,
977 2389 1008 2446 et
1026 2405 1054 2461 p.
1072 2391 1150 2447 238:
1181 2383 1233 2445 ueri

152 2477 296 2559 μαντικόν
313 2479 345 2544 di
361 2476 455 2560 μόνον
471 2477 547 2544 εἶναι
563 2477 614 2544 τόν
628 2482 809 2556 σπουδαῖον,
833 2477 875 2554 σός
891 2476 929 2544 dv
947 2479 1114 2562 ἐπιστήμην
1127 2483 1231 2563 ἔχοντα

67 2641 69 2646 ,
151 2578 367 2664 διαμνωστιιιῆν
389 2585 517 2662 σημείων
539 2587 599 2644 τῶν
619 2582 653 2646 ἐκ
669 2586 752 2646 θεῶν
773 2582 824 2644 nni
844 2578 997 2662 δαιμόνων
1017 2580 1095 2664 πρός
1111 2579 1231 2666 indeui-

151 2705 239 2746 ττινσν
255 2685 324 2762 βίον
337 2680 500 2748 τεινόντων.
545 2688 584 2749 Ιιι
598 2687 699 2750 verbis
714 2687 834 2748 Graeeis
849 2685 988 2764 δαίμονες
1001 2689 1150 2750 adduntur
1164 2689 1231 2764 diis,

151 2806 168 2844 e
195 2787 337 2848 Oioerone
368 2793 466 2851 entem
496 2789 687 2862 omittuntur,
723 2789 863 2868 qnoniam
895 2809 990 2849 sermo
1013 2789 1140 2850 Latinus
1169 2810 1232 2852 non

150 2891 312 2964 praebebat
339 2895 439 2966 eptem
460 2890 627 2952 versionem
651 2891 701 2966 (of.
724 2891 784 2951 (iio.
807 2891 882 2949 Tim.
912 2894 974 2965 ll).
1002 2893 1057 2936 -'
1072 2891 1230 2958 Rationem

151 2989 345 3054 divinationis
367 2990 551 3068 Chrysippus
576 3009 637 3050 non
664 2991 759 3052 solum
784 3011 802 3049 e
825 2990 1083 3072 deorepetivisse
1102 2991 1230 3066 videtur,

150 3112 226 3171 quse
247 3093 323 3154 notio
349 3092 512 3169 exponitur
532 3113 550 3156 u
573 3091 715 3158 Cinerone
740 3094 772 3165 I,
796 3097 849 3166 38,
874 3097 912 3150 82
932 3111 991 3170 sq„
1020 3092 1185 3155 sedetiam
1211 3115 1230 3156 u

148 3195 224 3268 into,
252 3215 311 3274 qne
332 3197 369 3259 de
393 3214 427 3256 re
446 3196 483 3256 oi.
500 3193 717 3270 Diogeninnum
742 3195 822 3270 opud
837 3193 999 3254 Eusebium
1020 3193 1054 3255 in
1071 3213 1229 3273 praepete-

148 3297 229 3357 tione
252 3298 425 3373 evangeliea
443 3318 474 3373 p.
496 3297 614 3370 1361),
646 3296 694 3356 eui
710 3296 895 3374 Chrysippus
911 3295 1070 3373 praeeippe
1087 3296 1228 3375 utilitatis

149 3415 235 3470 oense
250 3397 623 3460 divinationenominibus
644 3398 797 3474 praebitae
816 3399 893 3459 hene
911 3397 1069 3456 defendere
1083 3397 1166 3460 visus
1181 3405 1228 3462 est

149 3499 190 3577 (p.
213 3502 270 3556 138
288 3501 338 3576 Δ).
383 3500 490 3577 Neque
504 3517 576 3561 vere
599 3499 686 3558 sliter
706 3498 756 3556 hio
778 3496 934 3557 inuidisset
955 3496 989 3559 in
1006 3496 1135 3576 ineptias
1157 3501 1225 3562 illes

147 3600 209 3657 iere
223 3597 429 3672 inoredibiles,
451 3604 582 3662 ettamen
597 3598 687 3665 etiem
703 3599 740 3658 ab
755 3597 983 3676 insequentibus
998 3598 1105 3660 Stoidis
1122 3603 1225 3662 defen-

147 3719 209 3774 sus,
237 3700 402 3779 dequibus
425 3699 547 3762 disserit
562 3700 663 3760 Oieero
681 3700 728 3772 ΙΙ,
754 3705 808 3773 15,
832 3703 880 3758 35.
924 3692 1069 3760 (interum
1083 3701 1223 3784 Chrysip·

146 3821 202 3878 pus
230 3801 343 3878 primus
370 3802 535 3868 Stoioorum
562 3803 727 3864 eeouretius
751 3801 869 3876 singule
894 3800 1089 3866 divinationis
1113 3821 1223 3878 genere

145 3921 308 3988 eorumque
328 3925 429 3968 nenses
445 3905 585 3980 exposuit
602 3923 697 3982 eoque
719 3903 818 3964 studio
835 3906 985 3979 permotus
1002 3905 1039 3962 de
1062 3903 1115 3976 iis,
1146 3923 1223 3983 quse

145 4005 178 4067 in
202 4005 356 4069 nominum
386 4027 441 4066 usn
466 4006 556 4066 letius
579 4007 722 4082 patebunt
752 4003 971 4083 plurimumque
997 4004 1152 4080 valebant,
1183 4008 1221 4082 de

146 4108 271 4170 orennlis
301 4113 332 4172 et
356 4108 491 4182 somniis,
523 4107 689 4186 peeuh‘eres
714 4106 808 4168 edidit
835 4106 928 4166 libros
951 4107 1023 4186 (Oie.
1045 4110 1081 4167 de
1109 4107 1169 4169 div.
1193 4109 1221 4184 Ι,

148 4211 181 4280 3,
204 4211 247 4284 6).
293 4211 497 4285 „Somniorum
514 4210 729 4272 eonieotionem
751 4207 933 4296 definit-hoe
951 4209 1053 4270 modo:
1076 4228 1138 4270 esee
1157 4209 1225 4290 vim
