3106 5018
859 383 901 448 22

343 537 433 596 alium
450 551 628 616 quemquam
646 536 778 596 Stoicum
795 537 931 598 extitisse
945 541 1084 614 portenta
1102 536 1118 616 ἓ
1133 538 1258 599 74-76
1274 539 1418 614 exposita.

342 639 515 715 Xenophon
544 639 622 698 enim
645 638 737 715 (Hell.
755 638 807 713 VI,
830 644 859 712 4,
884 639 914 716 7)
944 645 1057 712 narrat,
1087 639 1179 698 fuisse
1201 639 1253 720 qui
1278 640 1418 713 dicerent,

344 731 385 808 oie
405 739 498 798 sadra
520 734 617 798 πάντα
640 742 791 819 (portenta
813 740 965 818 Thebana)
994 733 1175 816 τεχνάσματα
1202 728 1241 816 ἦν
1266 741 1325 798 τῶν
1347 762 1419 819 προ-

342 834 509 917 εστηκότων
537 847 568 908 at
597 862 705 918 magna
735 845 812 918 apud
839 843 955 902 Stoicos
983 843 1075 902 fnisse
1104 844 1279 902 auctoritate
1310 843 1420 919 scripta

342 943 565 1019 Xenophontas
587 945 721 1006 conicere
743 964 898 1020 possumus
920 965 959 1006 ex
979 945 1032 1018 iis,
1060 964 1136 1024 quae
1158 947 1194 1004 de
1215 946 1334 1006 Zenone
1356 945 1419 1004 dixi

342 1044 554 1120 Xenophontis
582 1045 796 1104 studiosissimo
825 1045 865 1122 (p.
884 1046 925 1122 6).
975 1047 1033 1106 Ubi
1061 1066 1133 1106 vcro
1162 1047 1263 1106 Cicero
1293 1051 1323 1106 et
1352 1067 1418 1122 por-

342 1148 426 1204 tenta
446 1145 498 1204 illa
520 1152 550 1206 et
572 1165 648 1225 quae
671 1145 687 1224 ς
706 1147 744 1206 78
768 1165 792 1206 c.
812 1154 851 1206 36
883 1149 918 1206 do
941 1149 1022 1206 Mida
1051 1153 1081 1208 et
1101 1149 1226 1208 Platone
1252 1153 1354 1208 narrat
1373 1149 1419 1207 in-

342 1248 468 1322 venerit,
490 1248 523 1306 in
545 1250 719 1328 quaestione
741 1251 778 1308 dc
799 1251 932 1310 fontibus
955 1250 1075 1309 alterius
1096 1250 1166 1310 libri
1188 1250 1325 1310 elucebit.

428 1349 512 1413 Quas
541 1355 610 1426 post
636 1351 801 1410 mirabilem
828 1353 929 1411 Roscii
957 1357 1097 1412 eventum
1126 1353 1163 1411 ab
1192 1342 1302 1412 Archia
1332 1355 1420 1428 poeta

342 1449 477 1511 versibus
495 1453 674 1512 celebratum
696 1452 726 1532 (S
741 1452 793 1530 79)
813 1457 1012 1530 exponuntur,
1036 1453 1099 1512 sine
1120 1454 1181 1512 ullo
1201 1454 1303 1512 ordine
1325 1454 1419 1512 effusa

342 1555 420 1626 sunt,
441 1572 539 1633 neque
555 1559 654 1614 tamen
671 1556 806 1630 vestigiis
821 1557 914 1618 fontis
932 1555 1034 1615 Graeci
1054 1560 1163 1615 carent.
1196 1556 1272 1614 Nam
1290 1557 1421 1614 adhunc

342 1658 421 1713 certe
442 1657 598 1718 referenda
620 1662 703 1730 sunt,
732 1659 866 1738 quaeda
889 1658 1075 1730 Damocrito,
1098 1659 1235 1729 Platone,
1259 1657 1419 1716 Aristotele

338 1755 474 1830 legimus,
491 1761 542 1818 sed
556 1761 728 1834 putendum,
746 1761 819 1819 haec
830 1761 907 1836 apud
919 1761 1130 1836 philosophum
1142 1759 1285 1818 Graecum
1296 1760 1419 1820 iustiore

339 1857 404 1917 loeo
426 1879 515 1938 quam
537 1862 615 1936 apud
633 1861 803 1920 Ciceronem
822 1861 965 1935 extitisse,
987 1881 1094 1938 nempe
1116 1860 1149 1920 in
1166 1862 1365 1937 disputatione
1383 1863 1418 1919 de

340 1978 375 2018 eo
395 1959 548 2020 divinandi
570 1981 687 2037 genere,
710 1964 790 2040 quod
812 1962 846 2022 fit
862 1982 901 2021 ax
918 1963 1117 2042 concitatione
1136 1963 1235 2022 animi.
1279 1963 1420 2042 Sequitur

341 2061 426 2134 ratio,
443 2081 501 2142 qua
516 2063 608 2128 Stoici
624 2065 846 2136 concludebant,
861 2083 894 2124 re
908 2083 980 2124 vera
995 2084 1058 2124 esse
1074 2065 1296 2125 divinationem.
1338 2065 1418 2124 Cice-

341 2183 445 2224 renem
460 2183 523 2223 eam
538 2187 599 2225 non
614 2167 720 2240 legisse
735 2168 768 2226 in
783 2185 884 2226 eorum
900 2149 1073 2240 Stoicorum,
1097 2187 1171 2244 quos
1191 2166 1207 2244 ς
1222 2172 1260 2224 84
1276 2171 1310 2224 nt
1327 2172 1418 2226 testes

340 2266 403 2326 eius
419 2272 579 2342 nuncupat,
603 2269 770 2345 Chrysippi,
793 2267 946 2342 Diogenis,
968 2267 1121 2343 Antipatri
1143 2268 1236 2340 libris,
1257 2287 1286 2342 p.
1306 2273 1343 2326 14
1366 2288 1418 2326 ex-

341 2366 435 2443 posui.
479 2369 585 2447 ltaque
607 2375 720 2444 restare
740 2370 860 2432 ridemr
877 2369 956 2428 solus
972 2369 1158 2429 Posidonius.
1200 2371 1342 2428 Attamen
1364 2377 1417 2444 est,
1529 2447 1530 2452 η

339 2489 392 2529 cur
412 2488 562 2544 negemus,
586 2471 756 2534 Ciceronem
779 2473 856 2547 apud
873 2491 939 2529 aum
963 2470 1248 2544 argumentationem
1268 2471 1351 2529 illam
1371 2473 1418 2530 in-

337 2571 464 2632 venisse.
508 2573 595 2639 Hauc
617 2574 695 2633 enim
714 2593 732 2632 a
749 2573 909 2633 Posidonio
932 2572 991 2630 iam
1008 2591 1068 2629 non
1087 2589 1151 2629 esse
1172 2573 1327 2646 probatam
1348 2593 1418 2633 con-

340 2674 457 2734 cludere
479 2675 551 2734 licet
572 2677 699 2750 primum
720 2677 804 2748 inde,
828 2676 921 2752 qnod,
945 2673 997 2754 qni
1018 2673 1105 2732 initio
1128 2675 1419 2749 comprehenduntur

337 2793 398 2832 una
418 2775 584 2834 Stoicorum
604 2794 679 2834 voce
707 2774 736 2852 (S
757 2781 810 2835 822
839 2795 947 2856 „quem
970 2774 1089 2855 quidem
1118 2794 1182 2834 esse
1210 2795 1243 2834 re
1270 2795 1342 2836 vera
1363 2779 1419 2836 hac

339 2875 506 2936 Stoicorum
527 2875 642 2936 ratione
665 2877 890 2954 concluditur“),
913 2877 946 2936 in
968 2878 1027 2937 fine
1050 2882 1186 2955 securata
1208 2883 1419 2938 enumerantur

339 2975 368 3056 (ᾖ
389 2983 442 3036 84:
472 2979 547 3050 „hac
567 2979 682 3040 rationo
710 2986 741 3041 et
763 2981 947 3058 Chrysippus
976 2985 1007 3040 et
1028 2981 1179 3056 Diogenes
1207 2985 1237 3039 et
1259 2982 1419 3056 Antipater
1455 2987 1463 3000 '

337 3079 473 3156 utitur“).
515 3080 640 3140 Illorum
660 3083 694 3146 in
715 3103 838 3143 numero
861 3084 886 3143 si
908 3084 1086 3144 Posidonius
1109 3100 1229 3162 quoque
1249 3081 1368 3152 fuisset,
1399 3099 1417 3136 a

338 3181 479 3240 Cicerone
500 3185 535 3240 ut
550 3183 649 3256 gravis
664 3183 781 3244 Stoicus
803 3189 834 3246 et
845 3185 913 3259 -ipsi
928 3184 1100 3243 notissimus
1115 3203 1176 3241 non
1194 3185 1272 3239 esset
1286 3184 1417 3254 praeter-

336 3280 450 3340 missus.
494 3285 654 3344 Praeterea
675 3285 700 3344 si
714 3285 893 3357 Posidonius
916 3303 1034 3363 quoque
1055 3281 1312 3340 ratiocinationem
1334 3281 1417 3342 illam

337 3384 370 3442 in
390 3385 468 3444 libro
490 3405 542 3445 suo
563 3387 724 3460 habuisset,
748 3386 869 3449 omnino
891 3385 1002 3446 nnllam
1023 3383 1192 3442 videremus
1214 3400 1339 3455 causam,
1363 3403 1416 3442 cur

337 3505 373 3546 ea
394 3493 472 3548 esset
492 3488 593 3566 posita
611 3494 698 3550 extra
719 3506 835 3548 omnem
857 3505 924 3546 cum
945 3485 1070 3564 reliquis
1097 3483 1167 3543 libri
1190 3484 1323 3560 partibus
1346 3505 1415 3544 oon·
1529 3535 1530 3538 ,

334 3587 527 3664 iunctionem,
547 3611 608 3656 non
622 3591 735 3650 inserta
747 3591 905 3652 universae
921 3586 1114 3648 divinationis
1129 3585 1309 3660 defensioni,
1326 3607 1415 3666 quam
1529 3585 1530 3618 ³

335 3691 404 3751 libri
427 3692 472 3752 sni
494 3700 578 3769 parte
600 3693 696 3768 prima
715 3692 886 3750 Ciceronem
904 3690 1064 3750 Posidonio
1081 3690 1154 3750 duee
1169 3688 1342 3764 exposuisse
1365 3691 1414 3747 de·
1529 3683 1530 3738 Ϊ

335 3796 574 3860 monstravimus.
622 3795 760 3874 Denique
790 3795 815 3854 si
844 3793 958 3852 Tullius
988 3789 1186 3852 conclusionis
1213 3789 1294 3848 illius
1323 3797 1414 3852 testes
1529 3815 1530 3824 ¹

334 3899 412 3972 apud
427 3897 621 3956 Posidonium
635 3896 800 3960 invenisset
815 3894 979 3971 appellatos
997 3894 1035 3952 iis
1051 3892 1269 3964 assentientem,
1292 3913 1413 3969 magno·
1529 3899 1530 3948 3

334 4017 406 4073 pere
427 4001 506 4058 esset
526 3997 707 4071 mirandum,
731 4018 746 4057 e
769 3997 1013 4074 philosophorum
1036 4000 1115 4054 secta
1136 4015 1228 4052 unum
1250 3996 1413 4054 sententias

333 4101 370 4158 ab
386 4101 451 4174 ipso
467 4118 585 4179 quoquc
600 4101 734 4162 defensas
750 4102 786 4158 ad
801 4099 995 4176 philosophos
1009 4097 1217 4170 antecedentes
1232 4101 1300 4154 ante
1313 4095 1411 4188 ipsum
1529 4091 1530 4110 ³

334 4201 436 4264 eadem
457 4201 566 4278 placita
587 4204 741 4286 amplexos
761 4203 873 4266 reterre
895 4221 962 4264 oum
981 4219 1051 4261 cura
1071 4205 1134 4260 tam
1155 4199 1270 4258 minuta
1291 4202 1411 4278 tamque
