3106 5018
849 405 868 467 8

317 561 487 619 cernentem
509 557 541 615 et
556 556 778 632 explanantem,
810 563 886 636 quta
905 577 923 616 a
939 557 986 617 dis
1009 558 1179 620 bominibus
1197 561 1399 638 significaren-

318 663 369 720 tur
397 657 430 716 in
458 657 587 717 somnis“
600 656 660 734 ·(ib.
687 658 734 731 II,
766 664 822 732 63,
848 660 929 736 130).
972 660 1162 740 Inntroque
1186 662 1263 725 libro
1293 687 1400 743 magna

319 759 522 838 exemplorum
544 759 577 820 vi
593 762 766 836 argumenta
784 779 838 819 sua
858 761 1060 834 confirmavit,
1094 763 1218 826 fortasse
1234 767 1400 830 desiderata

320 862 525 940 oompensavit
550 862 602 938 (ib.
627 864 656 934 I,
687 867 742 934 20,
773 867 824 920 39.
861 865 916 936 19,
945 864 1010 941 et).
1064 863 1147 928 Quae
1172 866 1399 948 insequentibus

317 963 425 1026 Stoicis
439 965 561 1041 propria
575 963 689 1023 fuerint
703 964 740 1022 de
757 961 942 1024 divinatione
959 969 1125 1044 praeoepta,
1143 971 1266 1044 posthae
1280 973 1398 1032 demum

318 1087 336 1130 e
360 1065 608 1127 commentatione
631 1069 733 1126 nostra
758 1065 922 1141 apparebit
972 1065 1034 1126 Hie
1058 1069 1131 1128 satis
1148 1071 1214 1130 erit
1234 1074 1399 1149 adnotasse,
1471 1087 1474 1090 '

317 1189 368 1231 eos
389 1168 422 1228 in
439 1165 610 1228 universum
626 1166 787 1245 Chrysippi
803 1171 975 1243 argumenta
990 1169 1149 1230 retinuisse
1166 1173 1275 1248 partim
1292 1175 1398 1236 immn-

317 1274 380 1332 aa
399 1268 509 1346 partim
525 1269 709 1347 aliquantum
723 1272 837 1328 mnata
851 1272 896 1341 et,
920 1272 1016 1348 quoad
1031 1270 1097 1330 fieri
1110 1259 1224 1348 potnit,
1247 1277 1334 1336 novis
1351 1277 1399 1336 in·

305 1372 417 1434 ventis
436 1376 527 1451 atque
552 1369 698 1446 exemplis
719 1371 845 1430 firmata.
892 1371 964 1432 Gum
983 1372 1062 1433 enim
1081 1374 1240 1452 Chrysippi
1264 1379 1300 1436 de
1320 1379 1399 1440 divi·

236 1514 252 1538 o
317 1476 439 1537 natione
455 1473 566 1551 plaoita
584 1493 601 1532 a
619 1473 768 1544 Carneade
785 1472 961 1533 Academico
979 1475 1172 1536 vehementer
1187 1477 1398 1555 impugnaren-

316 1582 379 1651 tur,
402 1575 562 1652 Antipater
576 1573 693 1634 Stoions
708 1573 867 1650 praeeipue
883 1575 1075 1636 multitudine
1090 1581 1294 1656 exemplorum
1308 1601 1398 1644 verae

317 1677 514 1742 divinationis
535 1697 602 1736 eum
618 1695 777 1751 ooarguere
794 1676 909 1738 studuit
927 1677 979 1755 (ib.
995 1680 1027 1752 Ι,
1051 1685 1107 1752 20,
1131 1683 1192 1759 39).
1236 1683 1397 1762 Postquam

317 1781 426 1843 deinde
447 1800 496 1854 ea,
526 1799 602 1859 quae
624 1777 788 1838 Carneades
811 1782 914 1838 eontra
935 1779 1049 1840 Stoioos
1066 1781 1284 1858 disputaverat,
1312 1785 1397 1845 libris

317 1881 549 1954 aOlitomaoho,
579 1879 661 1938 illius
683 1879 846 1956 discipulo,
876 1880 995 1958 seriptis
1015 1882 1168 1957 divulgata
1189 1885 1325 1960 inerunt,
1352 1905 1399 1945 re·

318 1983 485 2060 dintegrata
508 1980 703 2042 divinationis
726 1980 899 2042 defensione
920 2001 995 2060 opus
1016 1984 1090 2057 init,
1119 1985 1179 2044 nisi
1202 1987 1270 2066 quis
1290 1988 1323 2047 in
1341 1988 1398 2047 Pa-

316 2087 411 2148 naetii
434 2083 620 2146 dubitatione
639 2082 830 2162 aequieturns
849 2089 921 2145 erat.
964 2085 1102 2163 Susoepit
1120 2087 1202 2147 illam
1220 2089 1397 2148 Posidonius

319 2193 364 2262 et,
394 2190 473 2267 quod
497 2187 557 2246 iam
581 2186 711 2246 vidimus
728 2187 769 2263 (p.
787 2186 835 2262 5),
865 2205 931 2245 oum
951 2187 985 2244 in
1011 2189 1234 2266 quaestionibus
1256 2191 1399 2250 naturali-

319 2290 410 2365 bus&
425 2294 489 2349 tum
513 2287 646 2367 quinque
673 2289 711 2346 de
735 2286 920 2347 divinatione
944 2286 1030 2346 libris
1054 2293 1227 2365 argumenta
1250 2291 1398 2368 exposuit,

319 2392 427 2480 quibus
448 2389 594 2452 divinatio
617 2391 833 2450 defenderetur.

403 2494 462 2554 His
489 2491 631 2553 absolutis
653 2492 713 2552 iam
741 2493 965 2568 perlustrandas
991 2497 1036 2552 eat
1060 2493 1138 2552 iiber
1163 2493 1332 2568 Tullianus,
1362 2499 1398 2557 ut

318 2617 540 2675 cognoscamus,
564 2615 720 2675 quemnam
742 2594 908 2655 Stoicorum
930 2594 1031 2654 Oioero
1053 2595 1093 2654 sit
1116 2589 1242 2655 seoutus.

379 2727 382 2734 ¹
404 2700 477 2758 (tum
494 2699 573 2774 apud
588 2717 689 2756 omnes
703 2696 833 2775 reliquas
851 2699 953 2772 gentes
969 2700 1032 2756 tum
1047 2700 1126 2773 apud
1140 2698 1290 2758 Romanos
1304 2699 1397 2759 multa

319 2799 513 2865 divinationis
535 2816 643 2873 genera
662 2797 806 2856 celebrari
825 2796 910 2856 dioit.
956 2795 1039 2860 Quae
1062 2804 1096 2859 ut
1117 2801 1277 2876 probarent
1298 2803 1398 2879 philo·

282 2951 284 2956 -
320 2905 429 2982 sophos
446 2903 509 2962 fere
527 2918 641 2972 omnes,
663 2897 854 2978 quiquidem
875 2901 946 2960 deos
964 2919 1028 2960 esse
1047 2906 1203 2978 putarent,
1225 2908 1399 2980 argumenta

321 3005 488 3082 eollegisse,
510 3001 669 3081 praecipue
688 3000 802 3061 Stoioos
824 3005 949 3079 excepto
971 3003 1124 3067 Panaetio.
1168 3005 1257 3065 Cuius
1281 3005 1399 3066 dubita·

321 3111 403 3172 tione
420 3103 611 3166 Aoademiam
629 3102 813 3179 comprobari
820 3125 828 3174 ;
858 3123 898 3163 ax
921 3123 979 3182 qua
1002 3125 1069 3166 aum
1090 3108 1183 3167 multa
1207 3127 1224 3165 a
1247 3106 1398 3164 Carneade

321 3213 423 3273 eontra
438 3205 552 3266 Stoicos
573 3201 756 3280 disputatum
780 3209 872 3278 esset,
884 3205 952 3264 sibi
967 3206 1136 3265 iaciendum
1151 3206 1249 3266 visum
1264 3224 1340 3278 esse,
1362 3209 1398 3264 ut

320 3307 485 3374 aoouratius
496 3292 690 3366 divinationis
703 3310 878 3380 argumenta
887 3304 1082 3388 examinaret.
1095 3383 1097 3389 Ι
1119 3306 1275 3366 Induoitur
1289 3305 1398 3368 deinde

321 3434 339 3475 a
354 3412 496 3472 cioerone
514 3407 644 3472 Quintus
660 3409 752 3470 irater
767 3409 854 3488 isque
868 3405 1085 3467 divinationem
1100 3408 1148 3466 his
1162 3407 1262 3468 verbis
1277 3409 1397 3470 definit:

322 3513 467 3577 divinatio
482 3515 547 3586 „est
560 3531 660 3572 aarum
674 3531 786 3585 rerum,
809 3529 885 3590 quae
900 3509 1040 3570 fortuitae
1056 3513 1212 3588 putantur,
1234 3509 1398 3588 praedictio

322 3619 413 3696 atque
434 3614 604 3693 praesensio
612 3618 639 3688 ,“
667 3613 787 3672 omnino
806 3613 900 3688 igitur
919 3613 1007 3672 aliter
1028 3619 1118 3691 atque
1133 3613 1212 3671 Zeno
1234 3617 1286 3671 aut
1304 3613 1398 3688 Chry·

323 3720 426 3797 sippus
451 3718 500 3798 (oi.
525 3737 557 3794 p.
581 3723 598 3775 6
622 3719 652 3775 et
676 3715 718 3791 7).
768 3713 873 3793 Neque
897 3733 968 3772 vero
995 3733 1047 3774 suo
1071 3715 1166 3773 Marte
1189 3713 1290 3772 Gioero
1320 3714 1398 3772 hano

323 3802 536 3882 definfionemss
543 3815 699 3894 proposuit
705 3835 713 3887 3
735 3833 804 3874 nam
821 3814 873 3873 ubi
889 3814 922 3873 id
940 3820 1041 3892 aperte
1063 3815 1151 3888 iaoit,
1182 3813 1399 3875 divinationem

323 3922 422 3982 minus
445 3921 594 3980 elaborate
617 3916 691 3976 dioit
706 3916 963 3993 „praesensionem
979 3920 1009 3977 et
1028 3917 1183 3976 seientiam
1197 3934 1296 3976 rerum
1319 3916 1400 3974 futu-

324 4028 441 4085 rarum“
459 4022 509 4101 (de
528 4021 588 4082 div.
608 4020 642 4092 I,
667 4025 699 4093 l,
725 4019 766 4096 1).
812 4020 906 4077 Immo
924 4017 1093 4079 nantissime
1113 4023 1159 4080 est
1182 4019 1235 4078 iila
1254 4015 1399 4089 definitio,

324 4145 391 4186 oum
413 4125 543 4186 dinatum
573 4141 667 4202 „quae
690 4121 831 4182 fortuitae
853 4126 1065 4198 putantur.“
1107 4125 1155 4182 Ita
1178 4121 1258 4181 enim
1277 4137 1400 4195 respon-

324 4244 389 4285 sum
414 4226 511 4292 videri
535 4224 634 4312 potuit
660 4223 894 4288 adversariorum
917 4223 1099 4311 quaestioni,
1130 4243 1218 4303 quam
1243 4222 1344 4283 Cioaro
1366 4219 1398 4279 in
