3106 5018
706 432 746 495 13

186 585 339 646 ferendam
359 603 423 644 ease
447 587 537 663 atque
559 583 753 660 posteriorem
771 584 801 662 (ξ
818 584 871 661 34)
888 603 918 660 p.
942 589 978 643 10
1005 583 1122 656 monui,
1152 585 1271 644 conclu·

187 688 257 747 dere
288 704 457 762 possumus,
495 684 547 764 qui
571 684 768 762 philosophus
794 685 922 750 Graecus
948 683 1083 744 Ciceroni
1113 689 1269 764 unamque

188 787 367 865 divisionem
387 792 417 847 et
440 805 516 868 quae
542 789 578 848 de
597 785 755 846 artificiosa
774 785 960 876 divinatione
985 787 1076 846 habet
1098 787 1270 864 suppedita-

188 889 287 952 verit¹
400 939 407 953 .

203 995 208 1006 '
272 990 373 1050 Altius
390 1008 461 1050 vero
486 1007 533 1050 res
552 991 598 1048 est
615 989 776 1065 repetenda
800 989 918 1068 iamque
936 989 986 1049 hio
1010 989 1213 1050 disserendum
1231 991 1270 1050 de

187 1092 310 1153 alterius
327 1091 459 1150 Tulliani
475 1092 512 1150 de
529 1089 714 1150 divinatione
729 1090 800 1150 libri
816 1091 971 1167 particula,
994 1111 1053 1170 qua
1067 1091 1168 1153 Cicero
1184 1091 1271 1152 Chal·

188 1196 327 1254 daeorum
350 1191 537 1268 astrologiam
554 1193 664 1252 refutat
681 1193 719 1269 (o.
738 1192 877 1268 42-46)
895 1212 1042 1271 quamque
1059 1193 1145 1252 illum
1169 1211 1271 1252 excer-

188 1298 286 1373 pand'o
301 1295 402 1372 aliquo
417 1294 494 1354 libro
506 1293 642 1353 Panaetii
657 1293 818 1354 confecisse
836 1295 928 1354 certis
937 1294 1119 1370 argumentis
1134 1297 1271 1370 apertum

189 1399 232 1456 rit.
276 1396 416 1471 Legimus
444 1395 522 1456 enim
551 1394 568 1473 S
592 1401 630 1454 88
658 1396 691 1472 (1,
717 1396 778 1472 11):
811 1395 964 1469 „nominat
994 1396 1084 1455 etiam
1110 1394 1271 1455 Panaetius

189 1499 368 1558 Anchialum
401 1501 433 1560 et
455 1497 680 1570 Cassandrum“,
711 1498 790 1557 unde
815 1497 958 1570 efficitur,
989 1497 1078 1558 etiam
1104 1497 1272 1570 Eudoxum,

189 1601 242 1681 qui
261 1599 424 1672 antecedit,
456 1619 474 1658 a
498 1599 640 1659 Panaetio
660 1618 724 1658 esse
746 1600 930 1660 nominatum
953 1603 1042 1679 atque
1060 1599 1132 1659 inde
1150 1601 1188 1660 ab
1211 1599 1272 1658 ini·

188 1703 231 1762 tio
258 1701 347 1768 huius
379 1703 415 1760 de
441 1701 595 1760 Chaldaeis
626 1701 822 1777 expositionis
848 1701 956 1760 librum
985 1701 1122 1760 Panaetii
1147 1721 1165 1760 a
1189 1701 1271 1760 Cice·

188 1822 261 1864 rone
276 1792 343 1862 ¹'esse
360 1803 536 1866 adhibitum.
581 1801 647 1866 Quo
666 1823 804 1864 concesso
819 1803 909 1864 etiam
925 1804 1037 1879 optime
1054 1802 1271 1878 intellegemus,

95 1938 97 1942 ·
190 1923 249 1984 qua
272 1906 309 1964 de
331 1915 418 1964 eausa
439 1905 539 1982 paullo
562 1909 630 1981 post
654 1905 821 1982 appellatus
847 1905 886 1964 sit
908 1904 1017 1982 Scylax
1040 1904 1272 1978 Halicarnasius,
1329 1897 1330 1901 ¹

189 2005 344 2066 familiaris
368 2006 514 2066 Panaetii.
540 1994 720 2067 'Conficitur
744 2011 842 2066 autem
866 2025 913 2066 res
940 2007 994 2079 iis,
1027 2025 1102 2085 quae
1128 2005 1203 2084 §at
1232 2007 1269 2066 de

189 2107 377 2169 antecedenti
394 2107 597 2184 disputatione
619 2107 721 2168 Cicero
740 2107 805 2184 ipae
826 2107 1015 2184 pronuntiat:
1044 2107 1202 2181 „videsne,
1217 2126 1271 2171 ,me

190 2229 252 2270 non
272 2209 440 2288 aedicere,
462 2229 538 2290 quae
557 2209 738 2282 Carneades,
760 2211 812 2269 sed
836 2229 885 2283 ea,
908 2228 985 2289 quae
1002 2209 1141 2286 princeps
1159 2209 1272 2270 Stoico-

189 2332 270 2386 rum,
293 2311 461 2384 Panaetius,
483 2311 599 2370 dixitur
641 2311 733 2370 Hunc
751 2311 961 2387 philosophum
976 2330 1047 2388 prae
1064 2311 1170 2370 ceteris
1187 2331 1272 2372 accu-

191 2417 254 2474 rate
281 2412 519 2474 antecedentium
541 2412 796 2489 philosophorum·
814 2413 934 2489 scriptia
961 2417 992 2472 et
1016 2413 1134 2488 placitis
1152 2432 1271 2489 operam

191 2515 308 2574 dedisse
326 2535 364 2574 ex
379 2515 467 2590 Dicg.
481 2515 579 2582 Latrt.
597 2516 649 2588 II,
670 2520 720 2574 64.
745 2520 793 2575 85.
819 2517 868 2574 87.
889 2515 948 2586 ΙΙΙ,
972 2515 1022 2574 37.
1044 2515 1119 2588 VII,
1143 2517 1201 2574 163
1220 2535 1272 2592 ap·

190 2621 283 2693 paret.
327 2616 359 2676 Si
378 2617 472 2692 igitur
489 2616 650 2694 Chrysippi
673 2621 724 2678 aut
742 2616 896 2692 Antipatri
913 2617 1042 2674 inissent
1058 2617 1095 2674 de
1115 2616 1270 2676 Chaldaeis

191 2705 402 2794 expositiones,
425 2720 462 2778 de
478 2719 540 2778 illis
556 2737 683 2798 quoque,
704 2735 766 2778 non
784 2719 879 2778 solum
897 2719 933 2778 de
948 2717 1037 2778 unius
1055 2717 1199 2792 Diogenis
1213 2719 1270 2778 Ba·

190 2817 306 2893 bylonii
316 2819 352 2894 (a.
365 2821 419 2895 43)
435 2821 584 2880 erroribus
597 2820 630 2879 in
640 2821 854 2894 astrologorum
869 2838 904 2879 ea
919 2822 956 2879 de
970 2839 1028 2899 qua
1041 2820 1155 2895 agimus
1170 2839 1271 2896 repra-
1358 2801 1363 2804 ⁵

75 2974 79 2979 ,
191 2917 335 2978 hensione
349 2918 466 2978 locutus
486 2925 572 2980 esset.
609 2922 715 3000 Neque
728 2940 799 2980 vero
814 2920 961 2979 divinatio
977 2939 1015 2978 ex
1031 2919 1118 2978 asts-is
1132 2921 1164 2979 in
1181 2921 1271 2980 (irae-

192 3018 238 3080 eia
262 3020 321 3080 icit
343 3023 504 3096 pervagata
524 3021 653 3099 (dequo
674 3022 711 3080 cf.
735 3020 928 3079 Schoemann.
951 3019 1089 3098 antiquit
1115 3019 1216 3080 Graec.
1235 3021 1270 3080 II

150 3194 158 3204 ¹
191 3142 220 3200 p.
239 3124 299 3182 274
317 3125 362 3182 ed.
373 3123 422 3199 2);
445 3125 524 3181 certe
538 3121 631 3198 igitur
646 3121 828 3199 philosophi,
849 3121 950 3201 quiin
968 3120 1087 3197 scriptis
1098 3121 1158 3180 suia
1174 3123 1210 3180 de
1226 3121 1271 3182 di·
1330 3173 1333 3189 ,

164 3208 170 3216 ’
190 3225 345 3286 nuatione
355 3229 472 3285 tantum
487 3245 585 3285 rarum
597 3225 774 3288 Graecarum
788 3225 1102 3296 rationem'habebant,
1122 3223 1154 3284 id
1165 3225 1271 3286 omisa·

115 3400 118 3404 Ι
190 3332 269 3388 runt.
303 3325 435 3390 Quorum
444 3323 477 3386 in
488 3347 611 3388 numero
627 3327 716 3387 etiam
726 3327 924 3404 Chrysippum
937 3330 967 3386 et
975 3325 1167 3402 Antipatrum
1178 3327 1270 3386 fuisse

192 3428 358 3503 colligimus
369 3449 408 3488 ex
423 3447 467 3501 ec,
490 3409 568 3507 quod
579 3433 705 3507 uterque
717 3429 769 3487 diu
783 3427 911 3486 Athenis
925 3427 1006 3486 vixit
1016 3427 1119 3506 ibique
1129 3446 1183 3505 per
1195 3433 1270 3488 tem-

191 3549 248 3606 pus
265 3529 386 3607 aliquod
403 3528 568 3588 Stoicorum
586 3529 725 3605 princeps
740 3528 808 3600 fuit,
831 3533 861 3588 et
876 3546 1048 3604 persuasum
1064 3530 1207 3590 habemus
1223 3549 1270 3590 rc·

192 3633 346 3706 putantes,
377 3629 553 3688 Panaetium
572 3632 608 3688 de
625 3630 784 3705 astrologia
803 3629 994 3690 ffisserentem
1013 3649 1063 3691 eos
1078 3652 1139 3692 non
1157 3652 1268 3693 curare.

192 3732 302 3792 Contra
327 3751 393 3790 cum
419 3730 544 3809 reliquis
570 3731 726 3791 divinandi
749 3733 906 3806 generibus
932 3733 1120 3806 astrologiam
1151 3751 1270 3814 queque
1322 3763 1324 3768 ·

192 3837 411 3904 tractaverunt,
445 3832 497 3912 qni
519 3837 553 3892 ut
574 3834 610 3892 de
635 3853 670 3892 ea
692 3832 826 3893 dicerent
850 3833 1073 3894 commotisunt
1097 3834 1146 3893 vel
1168 3853 1269 3896 eorum

194 3955 268 4018 quoa
287 3937 432 3996 docebant
454 3935 578 4010 ingenio
594 3954 628 3994 ac
650 3935 794 4009 moribus,
824 3937 1024 3996 Romanorum
1041 3936 1156 3996 scilicet
1174 3937 1270 3999 maxi·

191 4059 269 4098 mam
293 4041 408 4114 partem
432 4038 694 4114 superstitionibus
717 4039 898 4112 deditorum,
928 4041 1013 4100 velut
1028 4039 1188 4099 Panaetius
1205 4039 1269 4102 Sci*v

191 4141 291 4218 pionis
316 4139 451 4200 Africani
476 4132 601 4202 Minoris
623 4141 747 4213 amicus,
768 4175 811 4186 -
831 4141 882 4200 vel
903 4161 984 4200 more
1008 4141 1121 4217 patriae
1137 4140 1268 4202 siderum

193 4243 398 4305 observatione
420 4228 530 4316 clarae,
560 4243 645 4302 velut
663 4241 813 4318 Diogenes
832 4242 1014 4318 Babylonius
1032 4242 1167 4304 Seleucia
1185 4248 1268 4306 orbae.
