3106 5018
826 388 846 454 6

294 560 357 602 eam
375 541 477 612 affert,
500 559 552 600 cur
569 539 622 600 ille
641 542 677 600 de
697 538 882 604 divinatione
900 539 1053 616 scripsisse
1072 559 1143 600 vere
1162 541 1312 616 putandus
1329 539 1378 614 sit,

295 661 393 721 neque
419 661 437 700 a
462 641 648 717 Weicherto‚
679 643 716 700 ad
742 643 890 720 quamde
917 641 1111 702 Athenodoro
1136 641 1378 704 Wachamnthiua

294 743 420 805 lectores
439 743 570 818 ablegat,
593 741 737 818 Diogenis
756 743 869 804 Laertii
890 743 988 802 locum
1011 741 1178 802 adhibitum
1197 761 1261 803 esse
1279 742 1376 804 video.

295 893 297 902 ,
379 845 541 922 Postquam
560 843 729 920 expositum
752 848 814 916 est,
845 844 898 927 qui
918 843 1032 906 inerint
1055 843 1139 916 libri,
1171 863 1296 923 quornm
1317 863 1377 906 uno

296 944 467 1005 Ciceronem
492 947 529 1004 ad
553 946 788 1020 componendum
810 963 896 1006 snum
920 945 1030 1006 librum
1056 945 1186 1020 priorem
1204 964 1291 1009 nsum
1314 963 1378 1006 esse

294 1045 441 1122 suspicari
463 1065 635 1122 possumus,
656 1046 804 1125 seqnitur,
826 1051 875 1118 ut,
898 1049 1044 1124 qnatenus
1069 1047 1106 1104 ad
1126 1046 1311 1124 propositum
1332 1052 1379 1108 est

295 1147 385 1220 utile,
407 1165 597 1226 quaeramus,
620 1148 766 1233 quomodo
786 1146 833 1220 id,
855 1149 935 1227 qnod
954 1147 1048 1208 Stoici
1068 1148 1104 1205 de
1124 1147 1309 1208 divinatione
1327 1150 1378 1212 do·

298 1252 439 1320 onerant,
462 1267 479 1310 a
503 1247 628 1324 singulis
646 1247 753 1307 Stoicis
771 1246 910 1324 deinceps
930 1249 1081 1308 excultum
1097 1247 1145 1308 sit.
1168 1282 1210 1298 ι-
1232 1249 1379 1313 Universa

294 1348 463 1410 Stoicorum
489 1368 555 1408 cum
572 1350 609 1408 de
628 1348 686 1408 diis
709 1353 773 1411 tum
794 1351 831 1412 dc
851 1348 1037 1410 divinatione
1057 1349 1191 1412 doctrina
1213 1350 1378 1427 percipitur

297 1471 336 1512 cx
359 1470 409 1523 eo,
432 1451 511 1530 quod
527 1450 606 1514 Zeno
632 1449 760 1522 citieus,
782 1449 897 1512 etsiin
916 1451 1105 1528 physiologia
1122 1450 1308 1514 Heraclitum
1325 1472 1378 1529 po·

295 1551 443 1614 tissimum
462 1555 581 1610 secutus
597 1555 651 1623 est,
673 1555 773 1610 tamen
789 1569 843 1626 per
861 1551 1009 1612 Orntctam
1025 1557 1055 1614 ot
1072 1552 1282 1622 Antisthenen
1297 1573 1378 1630 mag·

295 1673 364 1720 nam
382 1652 589 1730 philosophiae
613 1671 683 1712 snae
701 1657 816 1728 partem
836 1653 988 1714 adocrate
1012 1653 1141 1729 accepit,
1172 1653 1225 1735 qui
1249 1654 1321 1737 quid
1339 1657 1377 1718 de

295 1753 489 1817 divinationis
507 1753 683 1834 quibusdam
699 1755 858 1830 generibus
876 1755 1003 1817 senserit
1019 1775 1120 1816 omnes
1139 1754 1244 1817 sciunt.
1288 1757 1378 1820 Prac-

178 1911 180 1916 .
295 1863 431 1936 terquam
448 1856 543 1928 enim,
565 1857 645 1935 qnod
663 1855 789 1942 oracolis
807 1857 986 1932 permultum
1010 1857 1117 1920 tribuit
1140 1861 1171 1919 et
1188 1857 1310 1918 somniis
1326 1877 1378 1934 pa·

296 1957 372 2032 ruit,
392 1957 478 2024 velut
495 1956 540 2030 ei,
563 1958 643 2041 quod
664 1961 765 2022 narrat
780 1958 865 2017 Plato
885 1958 919 2020 in
935 1958 1095 2028 Phaedone
1112 1959 1153 2034 (p.
1171 1959 1239 2036 60),
1266 1960 1380 2025 solebat

296 2059 386 2120 etiam
403 2058 500 2118 dicere
517 2050 550 2121 vd
567 2052 725 2134 δαιμόνιον
741 2054 837 2139 ίνννοῖ
854 2057 1007 2134 σημαίνειν
1024 2060 1115 2138 (Xan
1134 2079 1220 2120 mem.
1236 2059 1262 2132 I,
1288 2065 1314 2131 1,
1336 2061 1378 2138 2),

296 2163 376 2242 quod
393 2160 517 2230 Platone
537 2165 655 2224 auctore
674 2160 773 2238 (Apol
793 2179 822 2236 p.
840 2165 879 2222 al
907 2160 933 2216 D
952 2165 991 2220 40
1007 2162 1044 2227 Α.
1077 2160 1204 2226 Phaedr.
1228 2181 1258 2238 p.
1275 2168 1337 2246 242
1353 2163 1377 2223 B

297 2263 336 2322 cf.
357 2261 416 2324 Cic.
436 2262 473 2320 de
498 2261 559 2322 div.
576 2265 608 2334 Ι,
625 2281 661 2334 ο.
682 2262 734 2338 54)
752 2261 795 2322 ita
814 2266 877 2322 crat
892 2261 1142 2336 intellegendum,
1164 2266 1199 2322 ut
1221 2256 1255 2322 εδ
1273 2256 1377 2339 δαιμοἍ

296 2383 362 2424 νιον
384 2382 451 2422 eum
465 2366 633 2437 revocaret,
654 2382 721 2424 cum
744 2367 809 2424 aret
824 2362 940 2447 aliquid
962 2364 1109 2438 facturus,
1121 2357 1229 2443 ¹neque
1246 2383 1318 2426 vcro
1340 2367 1378 2429 ad

297 2465 467 2528 faciendum
493 2463 654 2543 quidquam
674 2463 851 2540 impelleret.
895 2465 1067 2541 Xenophon
1091 2467 1128 2524 da
1153 2465 1232 2527 dicto
1256 2466 1309 2526 illo
1326 2465 1379 2526 So·

296 2566 386 2633 cratis
402 2565 555 2646 aliquanto
574 2565 739 2642 simplicius
757 2569 788 2629 et
805 2567 844 2626 cd
860 2566 1014 2644 vulgarem
1031 2566 1203 2643 opinionem
1218 2586 1379 2626 accommo-

298 2667 397 2730 datius
419 2667 463 2728 ita
481 2667 616 2740 disserit,
645 2673 680 2729 ut
697 2661 729 2727 ιδ
746 2662 907 2743 ’δαιμόνιον
925 2668 1039 2738 Socrati
1059 2668 1148 2730 ctiam
1164 2667 1311 2732 indicasse
1332 2667 1379 2730 vi·

300 2768 515 2851 deatnr‚.qnid
531 2768 560 2829 ei
580 2768 621 2831 ait
637 2769 814 2833 iaciendum.
859 2769 941 2834 Dicit
958 2769 1038 2831 enim
1055 2770 1075 2828 l.
1094 2769 1117 2828 l.
1140 2767 1167 2848 ἓ.
1204 2790 1221 2828 ,ε
1243 2765 1295 2828 sal
1311 2771 1383 2829 not·

300 2873 362 2941 λοῖς
383 2871 443 2928 τῶν
464 2861 617 2938 συνόντων
633 2863 817 2951 προηγόρευε
835 2862 1024 2950 (Σωκράτης)
1040 2863 1077 2930 τοί
1093 2865 1146 2948 μὲν
1161 2873 1274 2945 ποιεῖν,
1296 2863 1333 2934 τοί
1349 2867 1394 2932 δὲ’

299 2966 341 3052 μὴ
360 2975 471 3046 ποιεῖν,
495 2963 536 3042 οἷς
559 2973 615 3034 τοῦ
634 2969 791 3051 δαιμονίου
809 2971 1077 3052 προσημαίνοντος.
1122 2973 1202 3040 Zeno
1224 2977 1322 3037 autem
1339 2973 1382 3033 lc·

300 3076 356 3138 ctis
390 3074 609 3136 commentariis
632 3076 862 3152 Xenophonteis
895 3077 932 3134 ad
964 3075 1184 3152 philosophiam
1215 3074 1382 3148 compulsus

301 3195 365 3236 esse
382 3178 519 3236 narratur
537 3179 628 3252 atquc
651 3175 740 3236 etiam
757 3179 861 3250 postea
880 3193 981 3243 eorum
1001 3176 1060 3242 init
1081 3172 1313 3242 studiosissimus
1331 3173 1380 3249 (cf.

300 3274 473 3339 Krischium
489 3292 519 3349 p.
539 3278 600 3338 363
619 3293 678 3352 sq„
710 3274 763 3354 qui
787 3273 891 3346 chem,
920 3293 996 3351 quae
1018 3276 1054 3334 de
1077 3273 1205 3334 Socratis
1226 3272 1381 3336 daemonio

302 3376 367 3447 dixi
382 3379 518 3439 accusate
538 3375 664 3452 exponit
685 3395 713 3452 p.
734 3373 818 3452 227).
861 3374 933 3436 Sine
949 3373 1041 3436 dubio
1057 3371 1151 3448 igitur
1165 3373 1246 3438 Zeno
1263 3393 1382 3455 quoquo

300 3477 443 3558 placitum
459 3477 536 3540 illud
557 3477 707 3552 defendit,
729 3495 841 3538 numen
863 3474 999 3546 divinum
1015 3473 1186 3536 hominibus
1205 3473 1381 3551 significare,

303 3579 377 3662 quid
390 3579 429 3638 iia
445 3579 486 3639 sit
500 3579 677 3654 iaciendum,
699 3580 772 3667 quid
789 3597 865 3651 non,
886 3581 982 3656 atque·
995 3579 1032 3641 ad
1050 3597 1117 3638 eum
1134 3576 1289 3639 referimus
1306 3577 1383 3644 divi-

183 3740 211 3770 a.
303 3680 433 3745 nationis
458 3681 676 3754 definitionem,
706 3699 781 3759 quae
804 3680 914 3756 legitur
937 3681 1016 3760 apud
1039 3679 1164 3747 Sextum
1184 3679 1296 3755 Empir.
1313 3681 1380 3742 adv.

302 3787 393 3850 math.
412 3784 474 3858 IX,
499 3789 574 3853 182:
597 3775 721 3860 pontiani
740 3775 886 3858 ἐπιστήμη
909 3767 987 3840 οὖσα
1009 3773 1179 3859 θεωρητικὴ
1205 3778 1257 3846 καί
1278 3777 1381 3860 linyp-

302 3879 371 3963 sosoi
387 3887 447 3947 τῶν
466 3876 528 3944 διεδ
546 3885 628 3944 θεῶν
645 3876 822 3962 ἀνθρώποις
844 3877 1008 3959 διδομένων
1031 3881 1167 3958 σημείων.
1210 3881 1298 3947 Hanc
1316 3901 1381 3942 esse

302 3986 430 4053 Zenonis
445 3985 515 4046 inde
538 3986 713 4053 concludere.
730 4004 904 4062 possumus,
933 3987 1012 4064 quod
1031 3988 1061 4045 et
1077 3983 1243 4050 Socraticae
1264 3982 1382 4044 divina-

301 4089 393 4159 tionis
409 4087 620 4165 aignificandee
636 4087 845 4152 consuetudini
862 4080 909 4166 (ed
927 4082 1083 4163 δαιμόνιον
1102 4082 1197 4169 ἑαυτῷ
1215 4082 1380 4162 σημαίνειν)

276 4187 279 4194 ’
302 4190 438 4276 proxima
454 4194 515 4265 eat,
537 4193 568 4251 et
585 4209 649 4252 eam
668 4191 791 4276 praebet
814 4189 958 4272 speciem,
980 4193 1014 4260 ut
1036 4193 1194 4270 appareat,
1222 4207 1261 4248 ex
1283 4207 1318 4248 ea
1336 4205 1383 4247 or·
1482 4262 1488 4275 .
