3106 5018
763 389 806 453 28

247 547 278 604 et
299 533 494 615 Antiochum,
517 575 559 586 ·-
586 562 646 600 non
667 524 814 618 integram
843 529 1037 604 servaverunt
1058 543 1216 603 Carneadis
1238 533 1325 604 disci·

245 645 367 722 plinam
410 635 573 721 Praecipue
588 645 756 704 Antiochus
777 645 872 704 multa
884 644 974 705 stiam
989 665 1028 704 ex
1041 646 1208 706 Stoicorum
1228 645 1325 722 philo-

245 747 352 824 sophia
365 747 520 823 amplexus
535 750 606 820 erat,
624 763 749 824 quorum
763 747 895 823 ipsorum
906 748 1075 819 vsententiae
1091 747 1226 825 Ciceroni
1241 750 1326 806 erant

245 849 419 908 reiciendas.
463 849 508 906 De
525 848 653 907 Philone
674 854 772 908 autem
789 852 948 924 propterea
962 867 1081 928 quoquc
1099 849 1186 907 nobis
1201 869 1262 907 non
1280 851 1326 907 est

246 950 445 1024 cogitandum,
469 951 548 1028 quod
568 949 677 1023 Cicero,
700 951 752 1008 ubi
775 952 811 1008 de
833 949 981 1009 sententia
1003 969 1056 1008 sua
1077 950 1113 1008 de
1134 969 1170 1008 eo
1192 951 1325 1031 loquitur

249 1054 342 1131 (quod
364 1073 425 1111 non
447 1052 482 1112 fit
495 1055 549 1111 Ac.
571 1052 625 1128 pri.
643 1053 684 1125 Il,
710 1057 757 1126 18,
780 1052 832 1110 ubi
848 1051 964 1110 Luculli
986 1051 1096 1126 legitur
1117 1051 1234 1129 sermo),
1258 1071 1325 1110 eum

162 1149 164 1154 ’
246 1157 281 1212 ut
307 1158 529 1230 praeceptorem
557 1175 643 1214 suum
671 1173 850 1234 gravemque
877 1154 1087 1230 philosophum
1114 1154 1251 1213 laudibus
1273 1173 1324 1212 ex·

245 1256 351 1315 tollere
372 1256 460 1327 solet3
485 1260 564 1316 certe
584 1257 685 1331 igitur,
708 1257 801 1335 siqui
822 1256 928 1315 fuisset
941 1255 1079 1316 Philonis
1099 1256 1176 1316 liber
1191 1257 1227 1315 de
1249 1254 1325 1316 divi-

246 1359 367 1417 natione
386 1363 489 1418 coutra
503 1359 617 1418 Stoicos
633 1359 768 1434 scriptus,
790 1359 821 1417 id
835 1359 868 1417 in
882 1358 959 1416 libro
976 1378 1038 1431 suo,
1061 1359 1097 1416 de
1120 1378 1179 1436 quo
1201 1356 1323 1432 agimus,
1424 1413 1427 1418 ,

244 1465 280 1521 ut
300 1479 440 1536 magnum
462 1460 526 1519 eius
547 1459 746 1536 praedicasset
766 1460 912 1532 meritum,
935 1474 1001 1520 cum
1023 1460 1184 1532 videamus,
1201 1459 1237 1517 'in
1259 1463 1323 1518 toto

247 1582 336 1638 opere
358 1563 478 1621 omnino
500 1562 613 1621 nullam
640 1563 702 1621 eius
731 1562 796 1621 ficri
818 1562 1013 1634 mentionem,
1041 1581 1141 1642 neque
1166 1561 1326 1636 vestigium

248 1664 337 1743 quide
357 1664 480 1723 mullum
495 1669 621 1736 exstare,
643 1683 682 1722 ex
704 1685 762 1744 quo
786 1666 822 1723 de
836 1665 973 1724 Philonis
985 1665 1070 1724 ,libro
1086 1684 1104 1723 a
1119 1665 1259 1723 Cicerone
1274 1663 1324 1720 ad·

247 1765 343 1824 hibito
366 1767 501 1824 conicere
530 1766 642 1845 aliquid
664 1766 818 1842 possimus.
862 1768 945 1825 Idem
974 1765 1056 1827 valet
1083 1766 1116 1823 in
1138 1766 1325 1840 hagnonem,

248 1869 449 1940 Charmadam,
471 1868 668 1927 Melanthium
690 1870 851 1942 Rhodium,
874 1869 1077 1927 Metrodorum
1099 1867 1325 1939 Stratoniceum,

249 1988 323 2046 quos
338 1969 439 2029 Cicero
454 1969 473 2027 l.
490 1970 509 2027 l.
532 1972 674 2043 nominat,
695 1976 785 2049 atque
807 1971 896 2030 ctiam
916 1970 949 2028 in
964 1968 1144 2028 Aeschinem
1167 1973 1197 2028 et
1211 1970 1325 2028 Metro-

248 2072 351 2131 dorum
379 2072 546 2148 Scepsium,
576 2092 651 2153 quos
675 2076 711 2131 ut
738 2073 896 2132 Carneadis
926 2073 1085 2149 discipulos
1112 2076 1230 2147 praeter
1257 2070 1326 2130 illos

249 2172 420 2232 Ciceronem
442 2175 562 2234 novisse
588 2181 771 2250 compertum
792 2174 935 2232 habemus
963 2174 1012 2250 (cf.
1034 2173 1137 2232 Zeller.
1161 2175 1196 2232 de
1218 2173 1325 2248 philos.

249 2275 350 2334 Gracc.
369 2276 427 2348 ΙΙΙ,
455 2280 479 2348 1,
502 2295 531 2351 p.
547 2275 636 2352 479),
665 2276 690 2334 si
714 2275 833 2354 quidem
854 2293 924 2334 casu
944 2274 1055 2332 factum
1076 2292 1140 2332 esse
1161 2274 1326 2350 putandum

250 2377 296 2451 sit,
319 2384 353 2436 ut
368 2379 404 2436 de
424 2377 542 2453 scriptis
563 2377 669 2435 horum
685 2377 815 2434 omnium
831 2378 961 2450 excepto,
978 2375 1139 2434 alteroutro
1155 2377 1325 2434 Metrodoro

250 2477 315 2554 (Ao.
331 2479 386 2554 pri.
402 2479 443 2552 II,
468 2479 485 2537 7
491 2479 521 2556 8)
538 2479 658 2538 omnino
673 2478 787 2536 nullum
802 2481 901 2536 exstet
914 2476 1124 2549 testimonium,
1146 2496 1207 2536 non
1223 2477 1326 2536 existi-

249 2581 403 2654 mandum,
434 2599 485 2640 eos
507 2580 618 2656 scripta
643 2600 704 2650 non
726 2578 933 2656 composuisse.
977 2579 1087 2636 Contra
1108 2584 1197 2657 atque
1222 2580 1258 2637 de
1279 2579 1327 2638 his

248 2681 438 2752 iudicandum
467 2682 554 2740 nobis
581 2688 627 2740 cst
657 2683 692 2738 dc
721 2700 756 2739 so
786 2681 944 2738 Carneadis
973 2681 1132 2755 discipulo,
1166 2680 1218 2760 qui
1247 2681 1328 2740 solus

248 2786 356 2854 restat,
388 2784 424 2840 da
453 2782 644 2840 Clitomacho.
687 2782 718 2840 Is
747 2783 908 2841 secundum
935 2781 1021 2858 Diog.
1044 2783 1096 2841 La.
1114 2783 1166 2856 IV,
1191 2784 1229 2842 67
1259 2784 1327 2859 plus

251 2883 484 2964 quadringentos
511 2883 604 2944 libros
634 2883 768 2960 scripsit,
800 2884 980 2950 Carneadem
1008 2885 1041 2943 in
1070 2885 1229 2944 Academia
1258 2888 1327 2946 sub·
1440 2953 1441 2958 η

250 2990 367 3047 secutus
389 2990 442 3059 est,
458 2985 586 3066 ,eiusque
608 2987 793 3063 potissimum
815 2987 925 3064 placita
945 2988 1156 3064 scriptionibus
1177 2988 1238 3047 suis
1258 2988 1327 3047 illu·

250 3087 364 3149 stravit.
408 3087 544 3146 Ciceroni
561 3093 659 3148 autem
676 3089 889 3148 Clitomachum
907 3091 1073 3164 graviorem
1094 3091 1186 3150 fuisse
1205 3091 1241 3147 ds
1257 3091 1326 3149 Car-

249 3190 343 3248 neade
373 3193 479 3248 testem
509 3208 596 3267 quam
626 3190 783 3248 Philonem
809 3196 864 3249 ¹aut
891 3193 1094 3249 Metrodorum
1123 3192 1201 3266 apud
1228 3191 1326 3264 ipsum

250 3290 377 3366 legimus
398 3294 452 3350 Ac.
474 3290 530 3367 pri.
547 3291 589 3364 II,
613 3292 669 3362 783
698 3291 735 3349 cf.
759 3290 848 3349 etiam
870 3294 923 3348 Ao.
945 3290 1001 3365 pri.
1018 3291 1059 3362 ΙΙ,
1083 3295 1132 3348 98.
1176 3291 1214 3347 In
1237 3290 1326 3350 Clito-

250 3394 347 3451 machi
365 3386 482 3470 scriptis
499 3393 588 3453 etiam
608 3393 699 3453 fuisse
716 3391 1071 3472 aliquod'daStoicorum
1088 3392 1124 3450 de
1143 3391 1327 3453 divinatione

251 3494 377 3556 decretis
407 3514 447 3554 ex
475 3497 540 3572 ipso
567 3496 710 3555 librorum
739 3515 861 3554 numero
888 3493 1097 3568 suspicandum
1124 3493 1211 3552 nobis
1239 3497 1325 3568 esset,

249 3596 340 3656 etiam
362 3598 387 3658 si
409 3595 523 3656 nullum
545 3598 625 3656 aliud
647 3602 779 3658 exstaret
799 3597 863 3656 eius
878 3595 929 3660 ‘rei
949 3595 1122 3671 vestigium,
1151 3598 1326 3672 praesertim

251 3701 331 3780 quod
352 3699 444 3760 Stoici
472 3699 685 3761 divinationem
712 3700 792 3757 haud
818 3699 904 3775 parvi
925 3698 1121 3758 aestimabant
1142 3717 1265 3779 eamque
1287 3703 1325 3760 ob

251 3819 367 3860 causam
383 3821 417 3860 eo
440 3802 534 3876 magis
554 3800 739 3860 adversarios
755 3801 791 3859 ad
807 3801 1041 3877 impugnandum
1058 3800 1236 3880 excitabant.
1280 3804 1325 3862 Re

250 3907 441 3962 versantem
462 3903 582 3982 aliquod
604 3902 747 3961 eiusmodi
770 3921 845 3978 opus
866 3901 1041 3962 Clitomachi
1062 3901 1154 3962 fuisse
1175 3907 1326 3983 tamquam

221 4017 223 4021 ·
249 4002 474 4063 firndamentum
494 4004 565 4064 libri
586 4005 622 4064 de
644 4023 703 4084 quc
726 4005 839 4080 agimus
861 4003 998 4078 Tulliani,
1020 4004 1080 4063 iam
1101 4004 1186 4064 nobis
1208 4009 1254 4064 ast
1275 4005 1324 4061 de·

251 4105 481 4167 monstrandum.
526 4105 613 4171 Quod
634 4107 711 4168 sicut
737 4107 770 4166 in
791 4108 964 4188 quaestione
990 4109 1028 4168 de
1054 4108 1130 4168 libro
1156 4104 1255 4183 priore
1276 4103 1325 4164 hic
