3106 5018
880 437 923 502 20

363 593 431 652 nius
454 592 511 652 dici
532 611 619 668 posse
640 591 786 652 concessit
807 590 838 670 (ξ
856 592 893 650 67
911 591 975 668 fin.)
996 595 1096 654 tamen
1115 594 1237 651 eandem
1253 593 1436 655 divinitatem

362 695 469 756 tribuit
490 714 543 756 suo
567 695 603 753 de
624 694 723 753 reditu
749 695 782 752 in
806 694 931 770 patriam
954 693 1068 754 somnio
1091 692 1119 770 (ἓ
1140 700 1177 752 69
1195 695 1275 772 fin),
1306 697 1385 775 quod
1405 701 1437 756 ut

360 800 473 856 taceret
487 815 504 854 a
519 815 550 856 66
566 797 725 872 impetrare
741 815 802 854 non
818 800 872 872 pot
894 794 925 869 't,
949 814 1126 876 quamquam
1140 796 1216 856 libro
1231 797 1324 857 altero
1341 799 1436 857 omnia

360 897 449 957 huius
472 899 589 972 generis
610 898 802 958 vehementer
824 898 941 958 refutat.

445 1001 509 1058 Iam
531 1000 612 1058 sicut
630 999 773 1060 divinatio
796 1019 835 1058 ex
854 999 979 1058 oraculis
1000 999 1129 1076 propriis
1150 1000 1316 1059 rationibus
1338 1002 1435 1060 defen-

362 1102 485 1162 debatur
507 1102 556 1178 (cf.
576 1122 605 1177 6,
625 1101 691 1178 16),
720 1101 770 1160 hic
792 1101 974 1162 somniorum
1001 1102 1135 1180 sequitur
1157 1103 1290 1160 defensio
1312 1109 1343 1162 et
1364 1103 1435 1163 divi·

360 1203 491 1262 nationis
509 1223 548 1262 ex
566 1203 658 1261 animi
673 1203 870 1263 concitatione
887 1203 916 1280 (ξ
933 1203 1098 1280 66-666
1116 1203 1214 1262 Η6166
1232 1203 1436 1280 disputationis

360 1323 504 1366 summam
526 1305 562 1362 ad
583 1304 776 1364 Posidonium
798 1305 982 1363 referendam
1012 1323 1076 1364 esse
1099 1325 1160 1363 non
1186 1306 1280 1364 solum
1303 1307 1435 1366 concludi

361 1410 461 1484 potest
474 1406 552 1478 inde,
576 1407 656 1484 quod
671 1406 834 1464 Carneades
857 1408 953 1465 denuo
971 1407 1129 1482 respicitur
1152 1407 1181 1485 (ξ
1199 1409 1259 1485 62),
1283 1409 1436 1467 sedetiam

362 1508 439 1568 61666
461 1507 558 1567 ducet
580 1527 618 1566 ex
642 1505 657 1585 ξ
676 1514 730 1582 64,
761 1508 813 1566 ubi
836 1509 936 1568 Cicero
960 1509 1113 1568 Posidonii
1136 1511 1272 1586 exempla
1300 1515 1436 1583 616666-

361 1615 462 1670 menta
479 1611 612 1686 exponit.
655 1612 761 1689 Neque
782 1629 853 1670 vero
878 1611 951 1670 haec
968 1631 1035 1670 eum
1057 1613 1167 1670 babere
1185 1632 1224 1670 ex
1246 1612 1320 1670 61666
1342 1611 1436 1687 philo-

360 1711 448 1788 sophi
471 1713 506 1770 de
522 1712 682 1772 Posidonio
705 1713 901 1788 expositione,
925 1715 976 1772 sed
993 1733 1032 1770 ex
1053 1715 1141 1772 huius
1164 1715 1257 1789 ipsius
1279 1713 1364 1787 libro,
1386 1733 1436 1789 ap-

361 1817 447 1892 paret
459 1833 498 1872 ex
511 1813 636 1887 ratione,
654 1833 799 1894 quequae
815 1815 850 1872 ds
862 1815 1014 1873 Posidonii
1029 1816 1185 1875 sententiis
1197 1817 1269 1876 dicit
1282 1815 1436 1891 expromit.

361 1915 461 1975 Verba
488 1916 583 1974 enim:
614 1916 767 1988 „divinare
795 1921 894 1975 autem
923 1917 1083 1976 morientes
1111 1917 1162 1976 illo
1191 1919 1280 1977 etiam
1302 1917 1436 1992 exemplo

361 2017 516 2076 confirmat
536 2017 732 2076 Posidonius“
763 2020 980 2091 demonstrant,
1010 2019 1181 2078 Ciceronem
1210 2020 1288 2094 apud
1316 2039 1384 2078 eum
1409 2021 1439 2077 et

359 2119 447 2196 plura
468 2119 660 2179 divinationis
681 2119 870 2178 morientium
889 2120 1026 2195 exempla
1047 2120 1155 2195 legisse
1177 2119 1269 2199 (quod
1291 2121 1377 2180 aliam
1400 2122 1436 2181 ob

328 2218 330 2223 ’
362 2240 479 2280 causam
500 2220 559 2278 iam
581 2241 610 2294 p.
629 2226 666 2278 18
689 2221 819 2297 monui),
851 2225 881 2279 et
902 2221 947 2292 id,
971 2223 1051 2299 quod
1072 2222 1118 2280 his
1141 2221 1334 2281 confirmabat
1354 2223 1438 2280 Posi-

360 2321 481 2394 donius,
504 2340 611 2397 nempe
633 2326 806 2396 argumenta
827 2321 907 2379 illius
929 2321 1081 2380 divinandi
1105 2322 1235 2395 generis,
1262 2341 1338 2400 quae
1359 2325 1438 2399 apud

361 2423 489 2482 Pulh'um
512 2428 633 2482 exstant
646 2429 715 2482 ante
734 2424 827 2483 verba
840 2422 893 2480 illa
914 2442 932 2480 a
953 2441 999 2480 me
1019 2423 1168 2497 exscripta
1191 2423 1219 2500 (ξ
1238 2425 1300 2502 63).
1344 2427 1439 2484 Ρ6666

362 2545 401 2584 ex
430 2523 481 2597 iis,
512 2543 588 2603 quae
614 2525 749 2601 proxime
779 2529 958 2604 sequuntur:
989 2525 1061 2596 „sed
1090 2525 1184 2583 tribus
1212 2527 1307 2584 modis
1337 2532 1440 2588 censet

360 2627 563 2703 (Posidonius)
581 2628 701 2686 deorum
716 2628 841 2702 adpulsu
855 2627 991 2685 homines
1007 2627 1172 2686 somniare“
1194 2627 1330 2701 efficitur,
1353 2629 1438 2688 Posi-

361 2727 482 2786 donium
503 2727 535 2784 in
556 2727 613 2784 hoo
635 2729 847 2786 sententiarum
870 2727 972 2786 ordine
994 2733 1111 2802 praeter
1132 2730 1253 2788 deorum
1279 2731 1439 2807 appulsum

361 2829 451 2890 etiam
472 2828 545 2886 alias
567 2846 606 2884 ex
627 2829 749 2886 somniis
773 2829 925 2886 divinandi
948 2848 1048 2888 causas
1068 2832 1240 2906 exposuisse
1263 2837 1293 2892 et
1313 2834 1441 2892 fortasse

320 2916 321 2925 ἵ
360 2933 465 2991 harum
481 2949 599 3009 quoque
615 2931 716 2988 modos
739 2930 918 2990 distinxisse.
962 2932 1031 2990 Huc
1046 2933 1244 3008 pertinebant,
1268 2953 1343 3012 quac
1366 2933 1438 3010 §63

359 3035 485 3110 legimus
506 3035 623 3108 praeter
645 3031 873 3107 explicationem
896 3033 1087 3094 divinationis
1110 3037 1308 3095 morientium.

444 3135 563 3193 Additis
579 3134 779 3206 divinationis,
803 3154 878 3213 quac
899 3155 958 3208 „ex
973 3137 1170 3195 concitatione
1186 3137 1311 3213 quadam
1326 3133 1440 3192 animi“

359 3237 401 3309 fit,
424 3235 582 3312 exemplis,
614 3254 689 3314 quae
710 3241 745 3294 ut
766 3241 883 3311 sumpta
904 3255 943 3294 ex
964 3237 1165 3313 Romanorum
1187 3235 1297 3310 66666,
1328 3236 1437 3293 Plauto

358 3337 388 3416 (ξ
405 3336 457 3415 66)
486 3343 516 3398 et
536 3338 661 3397 fortasse
683 3337 780 3396 Ennio
805 3336 833 3414 (ἓ
850 3343 889 3394 66
908 3341 939 3396 et
958 3336 1025 3413 67),
1056 3356 1089 3394 66
1110 3338 1199 3395 rebus
1222 3336 1312 3410 gestis
1334 3335 1363 3414 (ς
1381 3336 1436 3412 68)

357 3446 439 3498 certo
463 3440 565 3499 ordine
586 3460 647 3498 non
669 3445 739 3500 sunt
761 3439 903 3514 disposita
925 3438 974 3516 (cf.
991 3458 1020 3514 p.
1036 3437 1096 3514 16),
1124 3437 1224 3496 Cicero
1247 3437 1338 3495 finam
1360 3438 1438 3496 facit

356 3541 462 3602 tertiae
484 3543 575 3602 totius
597 3541 806 3618 disputationis
828 3540 919 3616 parti,
950 3525 1025 3619 uuae
1048 3544 1094 3597 est
1119 3540 1154 3616 dc
1176 3534 1359 3599 divinatione
1381 3558 1436 3597 na-

357 3645 447 3704 turali
469 3643 517 3720 (cf.
536 3664 564 3720 p.
585 3642 643 3718 15).
688 3644 809 3719 Spectat
823 3643 943 3721 quidem
959 3642 997 3698 ad
1011 3641 1217 3716 praecedentia
1232 3641 1321 3699 etiam
1342 3641 1435 3700 ratio-

356 3733 465 3806 cinatio
488 3745 637 3821 Cratippi3
658 3746 708 3803 sed
724 3748 854 3819 apparet,
877 3761 940 3800 eam
963 3762 1061 3823 neque
1077 3762 1142 3800 cum
1162 3742 1223 3802 iliis
1245 3761 1343 3823 neque
1365 3763 1435 3802 cum

354 3848 548 3927 sequentibus
571 3851 633 3904 arte
656 3865 719 3904 esse
743 3845 937 3904 coniunctam.
982 3846 1118 3904 Ceterum
1139 3847 1175 3905 de
1197 3845 1337 3922 Cratippo
1360 3865 1434 3904 mox

354 3949 519 4010 accuratius
541 3947 747 4022 disputabitur.

440 4049 531 4110 Redit
558 4048 664 4107 deinde
690 4048 790 4106 Cicero
819 4049 856 4106 ad
885 4048 1061 4124 explicanda
1089 4049 1248 4108 artificiosa
1276 4047 1433 4107 divinandi

353 4170 463 4226 genera
485 4149 515 4230 (ξ
533 4151 690 4230 72-81).
734 4151 838 4209 Mirari
865 4152 1018 4226 debemus,
1049 4152 1128 4232 quod
1155 4153 1228 4210 haec
1251 4148 1431 4208 aGicerone

351 4253 410 4314 hoc
431 4255 547 4315 demum
576 4253 641 4314 loeo
669 4257 889 4331 proponuntur,
920 4275 981 4317 non
1007 4255 1059 4316 ubi
1081 4254 1221 4314 Graecam
1249 4253 1284 4310 de
1314 4251 1430 4312 divina-
