3106 5018
306 582 386 642 inter
403 599 453 640 eos
473 579 681 656 philosophos,
713 598 786 658 quos
802 578 964 638 Panaetius
978 594 1095 656 semper
1110 580 1249 640 habuerit
1266 581 1299 640 in
1324 601 1383 656 ore,

305 683 396 743 ctiam
418 683 630 742 Dicaearchum
652 681 743 740 luisse
766 681 848 740 dicit.

279 861 281 865 ,
302 835 305 842 .
392 786 456 844 lam
474 784 502 844 si
518 784 599 844 inter
616 783 728 860 scripta
749 782 885 842 Panaetii
907 781 1076 860 quaerimus
1091 781 1137 856 id,
1159 783 1193 842 in
1216 801 1275 863 quo
1293 785 1383 846 ctiam

309 889 346 947 de
365 885 551 946 divinatione
574 905 641 946 eum
657 883 831 944 disseruisse
855 887 901 943 est
916 883 1073 958 credibile,
1095 903 1157 944 non
1173 883 1383 960 dubitabimus,

308 989 382 1069 quin
399 990 456 1049 hoc
473 987 579 1048 iecerit
599 986 633 1044 in
650 985 727 1045 libro
743 981 811 1064 eracl
830 983 982 1065 προνοίας.
1026 987 1128 1066 Atque
1143 988 1225 1048 hunc
1241 1006 1301 1048 uns
1315 1008 1389 1048 cum·

307 1090 394 1150 Bruti
407 1089 536 1166 epitome
553 1087 758 1147 Caelianorum
774 1106 875 1146 mense
890 1087 978 1148 Iunio
997 1089 1070 1148 anni
1080 1093 1149 1165 post
1162 1085 1195 1148 ir.
1214 1107 1239 1150 c.
1258 1091 1317 1150 709
1336 1089 1383 1150 Ci-

308 1207 445 1252 ceronem
467 1188 526 1250 sibi
548 1207 665 1250 curasse
682 1189 859 1250 mittendum
880 1190 1119 1266 commemoravi,
1148 1191 1261 1251 ubido
1284 1191 1383 1250 exem·

307 1294 367 1370 plis
390 1291 536 1351 Caelianis
562 1291 638 1350 libro
664 1291 757 1368 priori
785 1291 905 1351 insertis
931 1290 1082 1368 disputavi
1108 1295 1149 1370 (p,
1171 1291 1234 1370 lo);
1264 1293 1384 1370 iamque

308 1396 390 1454 illius
408 1392 467 1454 loci
486 1392 648 1470 disputatio
669 1398 700 1454 et
714 1411 764 1467 ea,
787 1413 875 1472 quem
891 1394 978 1454 modo
994 1393 1127 1468 institui,
1149 1395 1242 1454 altera
1261 1395 1385 1455 alteram

303 1497 485 1556 confirmat.¹
1156 1571 1159 1580 ῃ

394 1597 556 1676 Postquam
580 1595 684 1656 Cicero
711 1597 845 1673 Cratippi
869 1597 1016 1656 rationem
1042 1597 1195 1673 redarguit
1223 1631 1265 1644 -
1294 1619 1383 1678 quam

307 1705 340 1760 et
356 1699 453 1776 ipsam
470 1701 550 1774 apud
565 1698 741 1758 Panaetium
756 1698 892 1758 extitisse
910 1698 1076 1776 expositam
1093 1704 1124 1759 et
1138 1701 1295 1760 refutatam
1312 1701 1383 1760 iude

310 1800 456 1879 suspicari
475 1801 586 1878 possis,
615 1802 695 1879 quod
716 1800 733 1879 ς
757 1805 815 1859 100
837 1801 1018 1862 Dicaearcho
1035 1801 1178 1860 tribuitur
1196 1803 1333 1882 quodque
1350 1801 1383 1862 iu

306 1924 345 1964 ea
366 1902 512 1965 vocabula
534 1902 645 1962 Graeca
662 1908 851 1979 exponuntur
869 1902 898 1981 (ἕ
922 1904 993 1980 108)
1015 1937 1057 1948 -
1079 1903 1187 1964 transit
1207 1905 1245 1963 ad
1262 1904 1383 1965 alteram

309 2012 425 2084 partem
448 2005 530 2064 illius
556 2005 725 2078 divisionis,
756 2025 843 2084 quam
871 2006 959 2066 initio
987 2007 1088 2084 posuit
1112 2003 1321 2083 disputationis
1346 2007 1383 2064 de

305 2108 434 2185 singulis
457 2106 613 2168 divinandi
638 2106 797 2182 generibus
814 2107 851 2186 (c.
871 2107 936 2184 11),
966 2110 1003 2168 ad
1025 2108 1241 2168 divinationem
1266 2111 1385 2167 natura·

307 2213 375 2271 lem.
419 2210 465 2268 De
487 2229 546 2286 qua
561 2211 719 2269 secuudum
739 2209 917 2269 divisionem
935 2212 1021 2270 modo
1044 2211 1152 2270 dictam
1174 2211 1246 2269 inde
1263 2229 1281 2268 1
1298 2228 1322 2268 1.
1343 2213 1383 2268 14

306 2313 350 2372 111
376 2311 509 2382 disserit,
539 2314 573 2370 ut
595 2309 724 2387 primum
749 2311 888 2390 loquatur
917 2313 953 2370 do
982 2330 1016 2370 eo
1045 2309 1126 2371 iilius
1153 2328 1276 2388 genere,
1304 2311 1385 2389 quod

306 2415 343 2474 fit
369 2432 408 2472 ex
429 2412 627 2472 concitatione
656 2413 773 2472 mentis.
816 2411 940 2472 Initium
962 2413 1064 2472 Cicero
1096 2413 1176 2490 capit
1206 2433 1223 2472 a
1251 2413 1385 2488 disputa·

306 2517 389 2575 tione
407 2517 444 2574 de
465 2513 597 2592 Sibyllae
619 2515 762 2586 versibus,
784 2514 883 2590 pergit
901 2514 1062 2574 reiectione
1083 2514 1249 2574 fabularum
1266 2513 1303 2588 (c.
1322 2514 1384 2590 55).

309 2617 396 2682 Quod
416 2617 466 2676 hic
490 2617 659 2692 exemplum
681 2617 796 2692 profert
820 2617 1011 2689 Cassandrae,
1031 2613 1073 2686 „id
1095 2633 1134 2674 ex
1154 2615 1193 2672 iis
1218 2619 1277 2689 est,
1307 2637 1384 2695 quae

305 2719 340 2778 in
361 2719 471 2778 librum
491 2736 577 2776 suum
601 2716 731 2793 priorem
754 2717 872 2776 traiecit
892 2737 931 2776 ex
951 2717 1131 2776 Clitomacho
1154 2733 1249 2777 versa.
1292 2721 1383 2795 Apud

307 2822 388 2880 hunc
416 2818 509 2891 euim,
539 2824 574 2878 ut
601 2817 677 2878 ratio
707 2819 876 2894 postulabat
897 2825 928 2878 et
955 2819 1048 2878 altero
1078 2819 1155 2877 libro
1183 2819 1294 2878 iactum
1317 2839 1381 2880 esse

305 2922 457 2994 videmus,
479 2921 536 2980 duo
560 2919 640 2980 dicta
662 2919 855 2992 Cassandrae,
887 2921 1025 3000 quoniam
1042 2920 1162 2980 omnino
1183 2920 1314 2981 eiusdem
1332 2938 1382 2996 ge-

305 3025 385 3084 neris
411 3029 496 3095 sunt,
529 3031 588 3082 una
613 3022 815 3099 disputatione
840 3023 1082 3096 continebantur,
1110 3024 1190 3098 apud
1213 3023 1382 3083 Ciceronem

306 3127 338 3185 in
362 3126 462 3200 priore
479 3125 555 3182 libro
574 3123 803 3198 disiunguntur,
835 3123 878 3182 ita
900 3125 1027 3197 scilicet,
1049 3128 1084 3182 ut
1102 3127 1207 3182 neutro
1232 3123 1297 3183 lccc
1315 3143 1381 3182 cum

305 3226 422 3304 reliqua
442 3223 575 3283 oratione
605 3225 788 3282 cohaereant.
832 3225 906 3282 Nem
925 3227 956 3296 Ι,
979 3231 1019 3281 66
1036 3243 1079 3302 sq.
1102 3223 1281 3284 Cassandrae
1304 3226 1382 3284 vati·

305 3326 417 3388 ciuium
440 3324 606 3384 sententiae
622 3324 776 3384 Posidonii
800 3326 837 3384 de
854 3324 1044 3384 morientium
1066 3324 1250 3384 divinatione
1271 3326 1380 3386 misero

304 3428 433 3490 transitu
456 3427 637 3502 adiungitur.
679 3428 785 3506 Neque
807 3426 906 3486 minus
923 3427 1106 3503 ineptaeius
1130 3427 1281 3489 adiunctio
1304 3429 1339 3488 fit
1357 3431 1382 3503 I,

310 3536 387 3606 114,
416 3531 469 3592 ubi
492 3529 680 3590 antecedenti
703 3529 857 3590 enuntiato
882 3524 1091 3590 enumerantur
1114 3547 1249 3602 nemora,
1279 3531 1381 3604 silvae,
1472 3563 1476 3567 ·

306 3651 423 3705 amnes,
453 3632 547 3692 maria
567 3638 603 3691 ut
621 3633 836 3691 commoventia
854 3632 1007 3691 homiuum
1025 3631 1153 3703 animos,
1181 3636 1213 3691 et
1230 3633 1382 3708 pergiturr

305 3756 383 3815 „quo
402 3737 438 3795 de
455 3755 563 3810 genere
579 3734 633 3792 illa
646 3739 734 3792 sunt:
755 3736 847 3806 cheu,
869 3735 989 3792 videte“
1008 3739 1080 3805 cet,
1102 3734 1186 3812 quasi
1203 3734 1382 3794 Cassandrae

305 3839 389 3897 iurcr
414 3857 453 3895 ex
475 3857 534 3899 una
550 3836 669 3894 illarum
684 3855 781 3893 rerum
804 3841 885 3895 ortus
902 3839 987 3895 esset.
1032 3822 1115 3897 Ceae
1132 3835 1226 3912 igitur
1241 3835 1382 3910 leguntur

306 3938 394 3998 initio
418 3957 442 3997 c.
468 3943 525 4010 55,
556 3937 616 3996 iam
644 3939 724 4012 apud
750 3937 962 3999 Clitomachum
988 3937 1157 4011 exstabant,
1188 3958 1258 3998 mox
1283 3943 1381 3998 autem

307 4041 408 4101 Cicero
426 4041 463 4099 ad
479 4041 628 4098 Romanos
647 4044 732 4099 vates
748 4039 895 4098 transiens
911 4058 964 4098 sue
980 4039 1113 4116 exponit
1157 4041 1219 4098 Nec
1235 4057 1382 4098 veronen

306 4143 467 4226 videmus,
477 4141 530 4200 ubi
547 4143 585 4200 ad
602 4142 777 4218 scriptorem
793 4141 937 4202 Graecum
956 4141 1086 4200 redierit.
1130 4139 1280 4216 Apollinis
1302 4139 1382 4202 euim

307 4247 410 4320 operta
428 4243 487 4304 iam
507 4242 523 4320 ξ
545 4247 602 4304 113
625 4264 677 4304 111
702 4244 824 4304 arbitrio
848 4237 952 4304 reiecit
959 4265 967 4314 ;
998 4248 1098 4304 111111
1119 4242 1134 4320 §
1155 4245 1213 4300 115
1239 4240 1323 4319 quasi
1344 4243 1382 4300 ad
