3106 5018
693 424 735 488 39

172 579 288 642 naetius
312 579 411 640 oblata
436 577 618 656 disputandi,
632 579 669 638 de
689 577 854 638 Stoicorum
875 576 1138 656 superstitionibus
1164 599 1246 638 occa-

172 680 255 741 sione
273 680 362 740 etiam
390 679 544 756 exposuit,
573 681 610 739 de
637 699 737 740 eorum
761 679 954 740 divinationis
978 680 1182 740 detendendae
1199 685 1246 740 'ra-

172 782 305 844 tionibus
323 781 382 840 sibi
405 799 467 842 uon
491 799 557 840 esse
578 799 759 856 persuasum.
804 781 881 842 Tum
903 781 993 842 etiam
1015 780 1082 841 fieri
1105 783 1247 858 potuisse,

172 888 207 944 ut
227 882 485 944 ratiocinationem
508 882 590 942 illam
610 881 785 960 Chrysippi,
807 883 966 958 Diogenis,
989 883 1144 960 Antipatri
1166 884 1246 943 refu·

102 1033 105 1040 .
172 990 262 1060 taret,
293 1004 380 1046 nemo
404 983 533 1060 negabit.
576 984 636 1044 Sed
659 985 739 1061 apud
763 983 977 1044 Clitomachum
1000 1004 1132 1064 quoque,
1162 984 1247 1045 cuius

171 1087 249 1148 libro
268 1087 440 1148 Ciceronem
461 1085 507 1145 uti
523 1084 669 1159 vidimus,
700 1090 818 1145 exstare
835 1084 935 1162 potuit
950 1085 1098 1162 expositio
1116 1090 1147 1145 11
1167 1089 1247 1146 rein·

172 1189 245 1249 tatio
268 1189 351 1248 illius
368 1187 581 1260 conclusionis,
603 1207 662 1267 qua
678 1187 877 1264 Chrysippus,
899 1186 1065 1263 Diogenes,
1086 1187 1247 1263 Antipater

173 1290 389 1352 diuinationem
416 1310 450 1350 re
476 1309 547 1351 vera
572 1309 635 1349 esse
664 1292 863 1350 demonstrare
888 1291 1074 1348 studuerunt.
1117 1289 1176 1348 Sed
1200 1293 1247 1350 est

173 1408 225 1453 111
242 1393 274 1452 id
292 1411 433 1468 negemus
449 1397 480 1452 et
500 1394 702 1452 demonstrare
719 1390 879 1468 possimus,
900 1411 933 1451 re
952 1410 1024 1450 uera
1039 1392 1119 1468 apud
1132 1391 1247 1452 Panae-

172 1494 247 1554 tium
264 1495 435 1584 Ciceronem
459 1494 542 1554 illam
565 1493 850 1570 argumentationem
871 1497 902 1552 et
924 1493 1247 1569 11111111111111111-

172 1581 232 1656 tam
250 1596 403 1657 invenisse
429 1602 519 1676 atque
536 1596 608 1656 inde
630 1597 707 1656 libro
731 1615 783 1655 sno
799 1595 970 1656 inseruisse.
1012 1595 1089 1654 Nam
1110 1594 1247 1654 111011-

172 1699 307 1758 tomaohc
330 1717 394 1758 eam
415 1697 604 1775 sumpsisset,
632 1717 693 1757 non
711 1697 796 1776 quasi
820 1699 856 1756 ab
876 1695 935 1756 elio
957 1695 1106 1773 principio
1121 1715 1245 1756 exorsus

172 1800 232 1876 (II,
258 1801 330 1877 101)
353 1818 417 1860 eam
434 1799 627 1876 explicasset,
657 1800 760 1858 sedin
783 1817 818 1858 ea
835 1797 906 1857 libri
927 1798 1051 1858 11111111
1068 1802 1165 1874 parts,
1188 1819 1247 1878 qua

171 1901 340 1962 universam
355 1901 571 1962 divinationem
583 1901 696 1960 refellit
707 1920 841 1980 quaeque
852 1900 1001 1960 antecedit
1016 1899 1247 1976 disputationem

173 2004 209 2062 de
232 2003 357 2076 singulis
378 2003 535 2082 divinandi
552 2003 710 2078 generibus
728 2003 805 2081 (II§
826 2003 958 2080 8-26);
979 2001 1150 2061 universam
1166 2001 1246 2060 enim

173 2103 387 2166 divinationem
403 2104 495 2164 Stoici
510 2104 765 2181 argumentatione
785 2104 838 2164 illa
859 2105 1067 2164 defendebant.
1110 2104 1246 2163 Praeter·

173 2224 208 2266 ea
225 2205 309 2265 nulla
324 2210 395 2266 sunt
418 2207 543 2281 indicia,
566 2226 641 2286 quae
664 2205 838 2266 Clitomachi
853 2225 908 2266 nos
929 2205 1121 2279 admoneant,
1144 2208 1247 2266 contra

173 2312 256 2381 sunt,
286 2327 362 2386 qnae
378 2308 523 2370 Panaetii.
567 2309 716 2382 Diogenes
732 2308 812 2368 enim
827 2306 1008 2384 Babylonius
1024 2307 1058 2364 in
1078 2309 1135 2366 hoo
1157 2326 1247 2383 opera

174 2409 310 2470 Tulliano
327 2413 446 2487 praeter
464 2411 543 2469 hunc
562 2411 660 2470 locum
677 2411 735 2487 (11,
761 2411 848 2487 101),
870 2411 906 2469 de
930 2429 988 2489 qno
1007 2399 1194 2482 disserimus,
1216 2413 1247 2470 11

174 2530 256 2585 eum,
277 2511 331 2591 qni
344 2513 506 2573 secundnm
519 2511 599 2571 huno
612 2492 662 2570 'est
679 2511 857 2588 compositus
873 2512 915 2588 (I,
939 2517 977 2568 82
994 2512 1108 2586 1183),
1129 2515 1246 2570 tantum

173 2617 415 2673 commemoratur
430 2613 463 2671 in
480 2612 680 2689 disputatione
687 2613 824 2672 Panaetii
837 2615 873 2672 de
886 2611 1044 2688 astrologia
1057 2613 1110 2690 (II,
1128 2613 1246 2691 9011),

173 2733 324 2794 nunquam
340 2715 374 2774 in
390 2714 606 2774 Clitomacheis.
650 2716 695 2775 Ac
717 2733 821 2792 reapse
845 2734 863 2774 a
883 2713 1064 2774 Clitomacho
1087 2713 1257 2796 praecipue

173 2816 366 2893 Antipatrum
391 2817 597 2894 impugnatum
619 2837 683 2877 esse
705 2837 795 2895 snpra
818 2817 962 2888 vidimus3
989 2835 1057 2876 eum
1076 2820 1112 2875 nt
1135 2816 1249 2876 Stoico-

173 2936 239 2976 rum
259 2918 426 2996 principem
440 2919 505 2995 ipse
526 2919 681 2992 cognovit,
710 2939 777 2978 cum
794 2917 970 2992 Carthagine
996 2917 1093 2975 deleta
1110 2918 1245 2976 Athenas

172 3019 304 3094 veniret,
335 3039 393 3100 quo
416 3022 549 3097 tempore
566 3019 716 3095 Diogenes
733 3017 914 3095 Babylonius
936 3017 994 3076 iam
1020 3021 1084 3076 1111
1103 3022 1245 3078 mortuns.

173 3119 282 3182 Contra
307 3122 482 3182 Panaetium
510 3121 652 3181 historiae
683 3123 851 3196 dogmatum
878 3119 1123 3196 philosophorum
1152 3120 1245 3180 fuisse

171 3223 419 3285 studiosissimum
443 3229 474 3285 et
497 3223 641 3301 Diogenis
665 3243 783 3303 qnoque
804 3221 962 3301 Babylonii
982 3219 1101 3298 scriptis
1126 3240 1245 3298 operam

172 3326 286 3385 dedisse
315 3327 521 3388 adnotavimus
551 3329 595 3406 (p.
617 3327 677 3404 13).
730 3328 806 3386 Eum
836 3325 929 3402 igitur
958 3329 1075 3400 praeter
1105 3326 1246 3404 Chrysip·

170 3429 293 3500 pumat
318 3428 510 3504 Antipatrum
533 3430 623 3489 etiarn
647 3428 812 3504 Diogenem
838 3427 973 3487 attulisse
997 3430 1031 3487 ut
1052 3429 1158 3486 testem
1180 3427 1244 3488 11111

170 3525 421 3600 ratiocinationis,
443 3530 480 3588 de
503 3548 562 3607 qua
580 3528 710 3604 agimus,
734 3529 827 3589 multo
848 3528 974 3588 estuari
991 3526 1132 3602 similius,
1156 3549 1244 3608 quam
1271 3593 1274 3598 ,

171 3626 383 3686 Clitomachum
390 3657 398 3706 3
430 3631 569 3708 qnodque
596 3633 642 3688 est
671 3649 724 3688 cur
751 3629 823 3690 huia
844 3630 926 3690 illam
946 3630 1042 3706 ipsam
1063 3649 1130 3688 cum
1159 3630 1244 3688 testi·

169 3733 225 3792 bus
247 3729 413 3792 exhibitam
434 3731 558 3810 eiusque
579 3731 790 3792 refutationem
813 3751 875 3792 non
898 3733 1074 3804 tribuamus,
1102 3729 1162 3790 iam
1187 3750 1241 3806 pro

170 3839 250 3894 certo
267 3833 408 3894 affirmari
433 3826 546 3911 potest,
575 3833 740 3894 Stoicorum
759 3834 920 3908 rationem,
951 3852 1009 3912 qua
1029 3852 1061 3892 re
1083 3851 1242 3893 11111111

169 3937 384 3998 divinationem
402 3937 631 4010 communiebant,
663 3942 693 3997 11
712 3937 877 4015 expositam
898 3940 929 3995 11
950 3937 1109 3996 refutatam
1124 3932 1241 3994 Cicero·

169 4059 237 4100 nem
260 4038 412 4099 invenisse
440 4041 519 4116 apud
544 4039 728 4100 Panaetium.
772 4039 967 4099 Confirmatur
996 4039 1069 4098 haec
1092 4035 1242 4096 sententia
1321 4095 1322 4098 ,

170 4161 220 4214 eo,
253 4142 333 4221 quod
355 4140 389 4200 in
409 4141 499 4201 huius
526 4142 651 4202 rationis
675 4141 854 4202 rehitationa
882 4141 942 4216 (II,
967 4139 1041 4216 105.)
1071 4140 1109 4197 ad
1134 4137 1241 4198 Dicae-

169 4244 290 4302 archum
316 4243 418 4304 Cioero
435 4249 578 4321 provocat
600 4249 631 4306 et
652 4240 684 4303 in¹
708 4243 767 4302 fine
791 4242 872 4302 LIV
890 4243 928 4301 de
954 4241 1004 4300 fin.
1028 4241 1095 4301 bon.
1120 4243 1151 4300 et
1170 4241 1240 4298 mal.
1352 4310 1356 4317 Ι
