3106 5018
739 433 780 498 31

220 591 333 669 optimo
355 588 460 649 ordine
476 588 626 666 proponit.
638 587 677 668 (o.
694 589 754 666 11).
798 587 968 650 Cavendum
982 591 1082 647 autem
1099 591 1152 660 est,
1173 609 1213 648 ne
1228 590 1296 670 quis

219 699 344 771 propter
365 691 531 764 elegantem
551 689 641 750 huius
663 690 819 753 divisionis
842 690 970 767 speciem
991 695 1090 768 putet,
1115 710 1180 765 eam
1201 693 1295 766 magis

219 816 284 856 esse
314 796 476 872 perfectam
507 799 538 852 et
566 793 745 870 expolitam,
776 811 864 872 qnam
893 812 968 872 qnae
994 791 1228 852 fundamentum
1251 800 1298 854 est

218 898 289 958 libri
310 897 428 975 prioris,
451 897 530 976 quod
552 896 577 954 si
599 900 679 954 esset
697 914 803 957 verum
824 897 944 973 probari
960 897 1086 954 fortasse
1108 915 1169 954 non
1185 903 1296 972 posset,

218 1002 299 1074 hanc
319 999 506 1059 referendam
528 1017 592 1058 esse
614 999 651 1056 ed
673 998 880 1070 Posidonium,
908 997 991 1056 illam
1012 997 1049 1055 ad
1071 997 1296 1058 Clitomachum.
1337 1054 1340 1072 ,

219 1102 359 1162 Efficitur
379 1101 459 1161 enim
481 1121 519 1160 ex
540 1099 618 1160 libro
640 1095 743 1176 priore
761 1102 836 1158 haec
857 1099 1050 1159 divinationis
1073 1100 1178 1160 divisio
1201 1099 1230 1178 (ξ
1246 1105 1294 1172 12,

220 1210 270 1276 34,
289 1203 306 1262 7
311 1211 339 1276 2,
360 1204 448 1281 109):
465 1199 530 1261 ¹duo
544 1209 615 1262 sunt
631 1200 847 1264 divinationum
863 1220 980 1276 genera,
1001 1220 1094 1259 unum
1110 1203 1188 1280 quod
1204 1203 1297 1278 parti·

219 1325 290 1382 ceps
313 1311 358 1365 est
380 1306 461 1377 artis,
484 1305 616 1366 alterum
626 1306 704 1382 quod
724 1309 788 1362 arte
801 1308 885 1362 earet
906 1302 937 1380 (ξ
948 1304 1017 1380 34);
1039 1302 1114 1361 illud
1136 1308 1181 1361 est
1202 1304 1296 1362 artifi-

222 1407 342 1476 ciosum,
364 1409 422 1467 hoc
443 1407 578 1468 naturale
601 1405 677 1484 (72),
720 1407 775 1464 Est
790 1425 839 1466 ars
855 1406 893 1471 ,111
914 1405 961 1478 iis,
985 1405 1036 1484 qni
1053 1423 1147 1467 novas
1161 1424 1209 1465 rcs
1227 1425 1296 1465 oon-

218 1510 335 1568 iectura
347 1515 576 1587 persequuntur,
598 1513 715 1569 veteres
730 1507 937 1567 observatione
953 1507 1119 1566 didicerunt
1134 1507 1214 1587 (34);
1237 1509 1297 1567 huo

219 1612 373 1688 pertinent
393 1609 522 1686 primum
544 1609 595 1690 qui
625 1629 663 1668 ex
692 1610 784 1682 extis,
813 1605 993 1682 fulgoribus,
1023 1609 1170 1684 portentis
1194 1611 1296 1669 futura

220 1713 395 1790 praedicunt
412 1712 496 1788 (109.
516 1712 577 1787 12),
601 1709 674 1790 quos
691 1711 780 1770 etiam
798 1731 857 1770 uno
873 1711 1064 1787 haruspicum
1081 1711 1201 1770 nomine
1218 1731 1297 1772 com·

219 1816 378 1894 plectimur
398 1813 474 1890 (72),
497 1811 604 1871 deinde
626 1831 752 1886 augures
775 1817 805 1872 et
827 1813 1010 1884 coniectores
1032 1812 1108 1890 (72),
1131 1819 1297 1892 sequnntur

220 1917 362 1989 astrologi
390 1916 454 1993 (12.
476 1915 564 1992 109),
592 1915 720 1993 denique
751 1916 802 1992 qui
830 1935 868 1974 ex
897 1915 1027 1973 sortibus
1055 1915 1193 1975 divinant
1219 1915 1295 1995 (12).

219 2018 372 2078 Naturalis
391 2017 535 2078 divinatio
557 2021 603 2075 est
620 2015 831 2076 somniantium
853 2022 883 2076 et
898 2015 1125 2078 vaticinantium
1140 2038 1195 2095 per
1214 2020 1295 2078 furo·

219 2141 284 2180 rem
313 2123 375 2196 (12.
397 2116 461 2192 34).
512 2119 577 2177 Iam
606 2118 755 2189 videmus,
787 2116 858 2176 libri
886 2117 995 2194 prioris
1027 2117 1203 2178 divisionem
1233 2140 1295 2180 nou

221 2222 316 2282 solnm
336 2240 398 2279 non
419 2220 518 2278 miuus
547 2239 611 2279 esse
641 2220 827 2292 distinctam,
858 2221 909 2279 sed
936 2219 1026 2278 etiam
1046 2219 1146 2297 paullo
1175 2239 1295 2281 accura-
1324 2231 1330 2242 “

221 2324 328 2382 tionem
350 2327 380 2380 et
399 2322 576 2394 uberiorem,
602 2343 689 2402 quam
712 2323 843 2381 alterius.
886 2323 963 2382 Nam
984 2322 1016 2380 in
1038 2323 1095 2380 hac
1116 2322 1175 2382 tria
1195 2325 1296 2398 priora

221 2423 399 2482 artificiosae
414 2423 608 2484 divinationis
624 2443 740 2498 genera,
760 2425 815 2484 etsi
831 2444 849 2483 a
863 2425 987 2504 reliquis
1000 2425 1178 2502 interposito
1193 2429 1295 2499 „tum“

219 2526 450 2600 distinguuntur,
476 2531 576 2586 tamen
597 2547 659 2586 uon
680 2527 768 2586 unius
784 2525 997 2604 'haruspicinae
1019 2528 1139 2586 nomine
1162 2547 1294 2604 compre·

218 2629 398 2688 handuntnr.
441 2630 499 2688 Sed
521 2629 599 2688 siout
618 2630 651 2688 in
671 2631 791 2706 copiosa
811 2630 931 2689 illoram
951 2629 1043 2688 trium
1058 2630 1239 2688 refutatione
1260 2631 1293 2689 111

217 2731 295 2792 libro
317 2732 410 2791 altero
434 2733 512 2790 bano
530 2733 824 2810 comprehensionem
845 2734 1020 2793 adicerone
1041 2732 1106 2810 ipso
1129 2730 1294 2792 adhibitam

220 2853 284 2892 esse
304 2834 440 2892 videmus
469 2833 498 2911 (ᾗ
518 2840 568 2906 28,
592 2841 641 2908 42,
665 2837 734 2914 49),
762 2837 795 2894 in
824 2837 924 2914 priore
952 2855 1071 2914 quoqne
1091 2835 1169 2894 libro
1196 2835 1229 2893 id
1255 2837 1292 2894 ab

217 2936 282 3014 ipso
304 2937 416 2994 factam
438 2955 502 2994 esse
518 2938 737 2995 concedendum
754 2942 800 2995 est
820 2943 985 3012 propterca,
1009 2937 1088 3012 quod
1103 2938 1182 2993 hano
1202 2938 1293 2994 harn-

115 3049 118 3057 '
217 3039 349 3116 spicinae
363 3055 466 3098 vocem
483 3036 625 3094 Graecam
640 3037 776 3097 invenire
792 3054 853 3094 non
869 3035 975 3111 potuit,
997 3035 1292 3096 animadvertendum

216 3146 328 3212 autem,
359 3138 488 3198 Tullium
509 3157 570 3196 non
592 3137 743 3196 dubitasse
770 3156 835 3194 eam
856 3137 1007 3196 inculcare
1028 3135 1194 3215 discerptae
1215 3137 1292 3200 divi·

217 3243 293 3302 sioni
323 3241 394 3300 libri
424 3241 550 3318 prioris,
583 3245 687 3299 contra
718 3259 779 3298 non
809 3240 956 3299 addidisse
987 3239 1128 3301 divisioni
1158 3241 1289 3314 alterius,

218 3363 306 3420 quam
326 3344 420 3416 igitur
440 3343 588 3416 integram
610 3363 648 3402 ex
670 3342 782 3401 Graeco
804 3343 966 3402 transtulit.
988 3375 1031 3386 -··
1074 3344 1233 3402 Praeterea
1258 3343 1292 3404 in

215 3441 338 3500 alterius
358 3442 430 3501 libri
451 3443 598 3502 divisione
617 3443 795 3501 omittuntur
815 3446 895 3500 astra
918 3448 948 3500 et
965 3449 1068 3516 sortes,
1092 3464 1167 3523 quae
1189 3447 1290 3505 defeu'·

216 3543 362 3600 dabantur
383 3560 401 3599 a
420 3541 589 3600 Posidonio.
634 3544 675 3602 Ut
694 3523 911 3616 intellegamus,
934 3546 1079 3622 quomodo
1102 3548 1139 3606 de
1161 3549 1291 3608 sortibus

215 3641 311 3716 egerit
331 3641 461 3720 scriptor
482 3643 620 3716 Graecus,
643 3663 731 3724 quem
753 3646 856 3706 Cicero
878 3647 911 3705 in
933 3647 1011 3706 libro
1033 3648 1126 3706 altero
1147 3643 1303 3727 seqnitur,¹

214 3744 275 3803 iam
289 3743 339 3802 hic
354 3745 505 3804 afferenda
526 3751 603 3819 sunt,
627 3766 703 3825 qnae
716 3749 859 3822 leguntur
874 3748 890 3827 ς
906 3749 960 3809 87:
983 3749 1182 3824 „Carneadem
1198 3749 1290 3810 clito-

214 3847 336 3910 machus
354 3847 458 3906 scribit
479 3848 577 3907 dioere
595 3848 724 3924 solitum,
747 3871 893 3933 nusquam
912 3872 944 3911 se
957 3851 1185 3912 fortunatiorem
1201 3871 1289 3930 quam

215 3951 377 4008 Praeneste
398 3950 508 4011 vidisse
530 3952 707 4012 fortunam“.
752 3955 826 4014 Inde
843 3956 1031 4015 manifestum
1052 3955 1095 4026 fit,
1118 3955 1290 4015 Ciceronem

213 4051 325 4109 habere
346 4053 379 4109 in
401 4053 537 4112 manibus
558 4053 648 4114 talem
663 4055 837 4116 Clitomachi
859 4057 976 4129 librum,
1001 4057 1080 4136 quali
1101 4057 1130 4116 ei
1145 4077 1218 4134 opus
1231 4057 1291 4116 fuit

215 4155 252 4212 ad
274 4154 439 4214 refellenda
452 4156 618 4216 Stoicorum
640 4157 676 4218 de
699 4159 882 4220 divinatione
897 4159 1049 4233 dogmata3
1071 4177 1139 4218 nam
1160 4158 1193 4216 in
1212 4157 1289 4218 eius-

214 4257 295 4316 modi
316 4263 433 4318 tantum
454 4258 531 4319 libro
549 4260 749 4320 Clitomachus
770 4265 838 4337 apte
860 4262 995 4338 prolerre
1015 4260 1116 4337 potuit
1129 4261 1288 4321 Carneadis
