3106 5018
698 390 736 460 11

178 545 225 606 bis
241 543 400 620 disceptari
417 543 533 624 nequit,
554 577 596 590 —-
618 562 729 605 novum
744 543 886 602 habemus
904 542 1120 618 testimonium,
1142 543 1258 604 Cicero·

179 667 247 706 nem
270 665 332 705 non
357 643 519 722 Chrysippi
544 645 597 708 eed
624 643 700 707 alins
725 641 818 702 Stoici
840 642 918 704 libro
944 662 1006 704 esse
1032 663 1127 704 usum.
1171 643 1262 710 Quod

179 751 277 806 autem
292 747 343 806 ille
362 745 440 807 sicut
456 747 512 806 hoo
529 746 593 805 loco
610 744 700 805 etiam
719 743 851 804 eiusdem
867 743 938 806 libri
958 743 974 822 ς
993 745 1031 804 7-9
1050 749 1082 807 et
1095 745 1115 804 L
1130 746 1208 822 He.
1221 751 1260 804 54

179 849 216 908 de
243 868 303 908 una
325 852 441 909 tentum
467 846 582 923 Sibylla
607 845 754 924 loquitur,
786 863 932 924 nusquam
956 847 995 906 de
1021 845 1171 922 pluribus,
1200 863 1261 909 nou

179 949 321 1009 credibile
344 950 405 1021 cst,
434 967 502 1006 eum
518 946 661 1034 Varronis
684 949 785 1006 decem
801 946 929 1023 Sibyllae
949 946 1150 1008 enumerantis
1169 947 1261 1010 libros

179 1069 279 1109 rerum
301 1049 471 1112 divinarum
493 1047 601 1124 legisse
627 1049 678 1108 vel
700 1047 734 1107 in
758 1048 814 1108 hoc
838 1067 927 1123 opere
949 1050 1152 1125 componendo
1178 1048 1262 1110 adbi-

182 1151 296 1222 buisse,
320 1151 399 1229 quod
421 1168 473 1208 cur
495 1152 668 1209 annotemus
690 1151 794 1224 postea
816 1147 952 1207 elucebit
1145 1138 1149 1148 “

266 1249 283 1329 5
308 1255 347 1309 35
377 1249 478 1310 dicero
506 1249 791 1326 disputareincipit
815 1250 852 1308 de
884 1247 1069 1308 divinatione
1094 1250 1262 1324 artificiosa,

183 1371 271 1432 quam
296 1350 387 1411 etiam
410 1349 443 1409 in
466 1349 664 1410 divisionibus
683 1349 699 1428 ς
721 1355 755 1408 11
778 1354 809 1409 et
825 1354 864 1409 ³4
889 1347 1046 1425 explicatis
1062 1350 1187 1426 primam
1210 1370 1264 1429 po·

166 1456 281 1512 suerat
298 1455 328 1512 et
347 1451 396 1510 bis
415 1451 514 1511 verbis
533 1451 725 1512 definiverat:
748 1455 812 1524 „est
832 1470 879 1510 ars
901 1451 935 1509 iu
951 1451 1005 1525 iis,
1036 1450 1088 1532 qui
1105 1472 1198 1520 novas
1215 1471 1262 1512 res

181 1554 349 1614 coniectura
364 1557 592 1632 persequuntur,
613 1557 730 1613 veteres
744 1553 950 1612 observatione
968 1552 1163 1627 didicerunt“,
1185 1573 1262 1613 eam-

183 1673 242 1735 que
261 1654 393 1714 breviter
411 1655 561 1727 defendit,
583 1675 649 1713 cum
668 1655 757 1714 dicit:
779 1641 891 1732 „Quae
903 1657 948 1713 est
963 1654 1057 1730 igitur
1077 1654 1135 1714 ista
1150 1655 1265 1717 callidi·

181 1761 244 1828 tas,
283 1774 332 1814 res
356 1759 505 1815 vetustate
530 1757 666 1816 robustas
689 1756 894 1817 calumniando
918 1755 997 1816 velle
1022 1761 1210 1836 pervertere“
1234 1761 1265 1819 et

183 1877 211 1942 q.
229 1876 252 1916 s.
270 1875 365 1935 usque
387 1859 424 1916 ad
439 1858 532 1919 verba
553 1891 595 1906 -
617 1857 681 1931 „uti
699 1857 822 1920 voluit“.
867 1855 1014 1921 Quoniam
1037 1858 1073 1915 de
1089 1856 1263 1920 coniectori*

180 1960 237 2020 bus
261 1976 301 2022 ex
327 1957 415 2020 novis
440 1960 528 2019 rebus
555 1959 655 2019 futura
678 1958 918 2034 praedicentibus
941 1958 1043 2018 Cicero
1068 1957 1177 2020 diserte
1200 1978 1262 2018 non

181 2058 331 2137 loquitm,
351 2060 475 2123 fortasse
494 2059 604 2143 aliquis
623 2060 791 2136 putaverit,
813 2079 879 2120 eum
898 2059 954 2122 hoo
971 2059 1037 2118 loco
1054 2064 1171 2120 tantum
1189 2059 1263 2120 slte-

180 2179 246 2224 rum
275 2159 472 2226 divinationis
501 2160 678 2224 artificiosae
707 2180 799 2236 genus
828 2163 989 2242 defendere
1021 2161 1114 2222 altero
1145 2160 1261 2224 omisa

52 2305 54 2309 -
179 2261 238 2324 Sed
253 2261 344 2327 facile
358 2262 519 2336 credimus,
543 2260 689 2326 atluinto
708 2263 905 2328 etiam-artem
923 2263 1123 2326 coniectorum
1140 2267 1262 2338 propter

179 2363 317 2444 longum,
339 2383 396 2448 quo
414 2366 623 2440 mercabatur,
645 2369 761 2440 tempus
777 2370 927 2428 vetustate
943 2365 1144 2428 confirmatam
1162 2363 1262 2440 putori

182 2472 213 2530 et
236 2466 351 2528 verbis:
383 2485 451 2539 „res
471 2470 620 2535 vetustate
639 2468 793 2529 robustas‘
816 2473 976 2551 utrumque
1001 2466 1159 2528 artificiose
1175 2465 1262 2529 'divi-

181 2569 274 2632 nandi
290 2587 384 2645 genus
400 2569 619 2646 comprehendi.
663 2569 748 2631 Haeo
764 2569 808 2632 ita
824 2570 919 2650 accipi
938 2589 1024 2649 posse
1042 2588 1128 2631 nemo
1147 2567 1261 2630 infitias

181 2668 239 2733 ibit
245 2693 253 2748 ,r
276 2675 307 2730 et
325 2671 435 2756 siquis
454 2675 601 2754 opponet,
622 2671 699 2734 banc
714 2670 931 2747 expositionem
949 2676 983 2734 ut
999 2671 1200 2733 defensionem
1217 2675 1263 2732 to·

184 2769 244 2842 tius
267 2771 463 2840 divinationis
478 2774 655 2840 artificiosae
672 2793 737 2836 esse
759 2774 849 2834 nimis
870 2777 991 2837 brevem
1008 2793 1041 2834 ac
1057 2775 1120 2835 fere
1135 2771 1259 2842 nuum,

184 2870 286 2936 isium
304 2892 364 2935 nou
387 2875 560 2948 mirabitur,
588 2895 654 2938 cum
675 2876 878 2952 perspexerit,
908 2880 1092 2954 quantopere
1111 2875 1212 2937 tieero
1228 2874 1262 2938 iu

184 2973 240 3032 bec
272 2974 344 3044 libri
367 2975 415 3034 sui
442 2982 527 3054 parte
553 2977 682 3038 auctoris
708 2975 813 3039 Graeci
844 2975 1075 3052 disputationem
1099 2976 1263 3040 tanecel.

184 3073 268 3138 Quae
292 3077 373 3142 enim
393 3079 516 3146 brevem
541 3077 624 3143 illam
646 3077 848 3145 defensionem
872 3080 1037 3156 sequuntur
1064 3075 1095 3154 (5
1117 3081 1178 3149 35„
1197 3076 1251 3154 36)

182 3178 337 3246 confinent
358 3179 500 3258 reliquias
517 3179 719 3252 uberioris-de
734 3179 879 3242 universa
899 3178 1084 3258 divinatione
1102 3176 1262 3244 artificiosa

182 3281 392 3356 expositionis,
414 3281 542 3344 maxime
564 3282 632 3350 illas
652 3281 772 3362 quidem
788 3282 927 3364 exiguas,
950 3286 1080 3343 attamen
1096 3299 1161 3340 eam
1177 3299 1262 3358 prae-

181 3383 287 3448 bentes
305 3385 451 3461 speciem,
479 3389 514 3448 ut
536 3385 635 3452 omnia
658 3363 740 3450 illius
764 3401 874 3457 genera
893 3366 1056 3443 exhibeant
1080 3385 1111 3442 et
1127 3381 1261 3448 ordinem

183 3481 346 3548 disserendi
365 3485 400 3546 in
422 3486 498 3544 libro
522 3477 636 3546 Graeco
651 3485 817 3551 adhibitum
833 3485 1043 3549 demonstrent
1086 3484 1153 3548 Hoo
1167 3484 1262 3548 mani·
1338 3499 1341 3510 “

183 3586 293 3649 festum
311 3587 346 3653 tit
365 3586 471 3650 collata
485 3587 504 3652 l.
527 3589 544 3646 I
566 3585 583 3664 ξ
604 3591 672 3654 109.
716 3585 764 3644 Ibi
784 3584 864 3648 enim
883 3588 918 3644 ut
940 3585 1173 3657 demonstretur,
1202 3599 1261 3664 qua

183 3688 298 3749 ratione
313 3688 432 3764 singula
449 3675 645 3749 divinationis
663 3706 773 3762 genera
790 3687 856 3754 fieri
874 3685 991 3772 possint
1006 3693 1037 3749 et
1051 3686 1139 3758 fiant,
1160 3686 1261 3760 legen·

181 3792 262 3856 tibus
283 3791 317 3852 iu
341 3790 512 3856 memoriam
534 3790 709 3865 rediguntur
733 3795 832 3866 partes
855 3787 1049 3852 divinationis
1075 3785 1261 3862 artificiosae,

181 3895 225 3957 ita
243 3893 377 3973 quidem,
398 3897 435 3952 ut
454 3893 504 3958 bio
521 3912 582 3956 nou
601 3893 697 3955 solum
711 3892 817 3952 iisdem
836 3891 935 3954 verbis
951 3890 1155 3966 ugnitcentur
1170 3893 1260 3968 atque

183 4015 218 4060 eo
236 3997 316 4070 loco,
339 3997 376 4056 de
399 4015 458 4074 quo
474 4015 553 4062 nunc
577 3994 692 4071 agimtu
710 3993 740 4073 (S
757 3995 824 4074 35),
855 3997 908 4057 sed
923 3994 1011 4058 etium
1032 3995 1135 4057 eodem
1156 3992 1260 4056 ordine

183 4101 401 4161 enumerentur.
453 4097 572 4176 Optime
599 4097 631 4158 id
659 4097 854 4176 perspicitur,
887 4097 913 4159 si
941 4098 1066 4160 alterum
1094 4097 1190 4160 locum
1216 4096 1261 4172 sie

181 4199 269 4261 iuxta
287 4202 412 4264 alterum
433 4199 586 4277 ponimus:
