3106 5018
814 385 855 462 12
895 371 919 466 ,“

503 552 593 629 53⁵·
768 557 772 566 '
831 547 834 682 p
1067 548 1178 627 5109.

292 671 371 727 „non
388 653 530 723 adducar,
553 655 604 712 aut
617 651 651 712 in
667 651 745 712 extis
761 654 807 712 to·
861 669 957 731 „quae
978 649 1058 710 enim
1077 650 1167 722 extis,
1194 685 1195 690 κ

329 758 390 814 tam
411 752 561 813 Etruriam
581 753 708 812 delirare

292 859 346 914 aut
366 857 490 914 eandem
512 857 631 928 gentem
655 857 689 914 in
710 856 808 930 fulgo·
859 873 935 933 quae
955 851 1128 929 fulgoribus,

326 954 410 1014 ribus
432 975 538 1030 errare,

292 1060 345 1116 aut
373 1057 520 1118 fallaciter
537 1061 691 1134 ‚portenta
717 1057 810 1118 inter·
860 1075 936 1137 quae
958 1056 1114 1134 portentis,

328 1157 450 1233 pratari,
471 1190 514 1202 -

505 1309 521 1388 g
547 1316 596 1370 ae.

291 1411 522 1470 condemnemus
534 1411 633 1485 etiam,
652 1411 810 1491 qni--
861 1432 937 1492 quae
959 1413 1046 1472 astris
1067 1412 1315 1492 praesentiuntur,

329 1511 461 1570 numeris
478 1516 508 1571 et
518 1512 648 1572 motibus
659 1514 810 1573 stellarum

329 1635 433 1676 cursus
455 1619 692 1694 persequuntur“

859 1721 961 1778 notata
985 1721 1055 1778 sunt
1079 1716 1284 1778 observatione
1310 1714 1375 1776 diu·

788 1865 791 1870 -
898 1823 1015 1880 turna.“

376 1972 585 2032 Portentorum
609 1970 746 2047 exempla
769 1989 787 2029 a
809 1969 952 2032 Cicerone
1011 1977 1049 2030 36
1076 1969 1178 2030 addita
1204 1971 1375 2042 effecerunt,

293 2077 329 2134 ut
347 2079 426 2134 astra
450 2093 467 2132 a
489 2071 614 2151 reliquis
636 2072 793 2148 generibus
811 2078 1049 2147 secernerentur,
1079 2093 1176 2152 neque
1198 2077 1314 2155 tamen,
1340 2074 1375 2130 ut

292 2175 443 2247 videmus,
466 2175 683 2234 omitterentur.
706 2207 747 2218 -
769 2176 833 2232 Iam
856 2194 915 2234 non
939 2175 997 2234 erit
1018 2175 1156 2246 dubium,
1179 2174 1252 2253 quin
1268 2174 1374 2233 vCicero

292 2278 385 2336 totam
410 2277 448 2333 de
472 2275 631 2334 artificiosa
656 2275 842 2335 divinatione
867 2275 1031 2334 doctrinam
1054 2277 1091 2333 ab
1116 2277 1235 2334 auctora
1262 2275 1373 2334 Gracco

292 2376 385 2436 multo
401 2377 549 2452 copiosius
564 2377 730 2452 expositam
742 2377 776 2436 in
794 2395 828 2434 aa
845 2376 1038 2447 coartaverit,
1062 2395 1137 2456 quae
1154 2375 1280 2452 legimus
1299 2377 1315 2456 ξ
1332 2381 1371 2435 35

292 2482 324 2538 et
343 2485 392 2539 36.
437 2479 530 2538 (lausa
555 2498 590 2538 ea
610 2479 703 2538 fuisse
730 2479 865 2550 videtur,
896 2479 975 2556 quod
1001 2477 1034 2535 in
1058 2476 1134 2537 libro
1155 2479 1264 2538 Graeco
1283 2479 1373 2538 allata

291 2582 416 2641 fuerunt
429 2582 523 2641 multa
541 2581 735 2642 divinationis
751 2580 928 2640 artificiosae
943 2579 1080 2654 exempla
1093 2579 1228 2640 Ciceroni
1242 2580 1372 2642 abicien-

291 2684 338 2743 da.
381 2683 455 2741 Eius
471 2683 550 2741 enim
569 2684 615 2742 rei
633 2683 777 2742 indicium
794 2684 886 2744 verba
904 2685 984 2754 sunt,
1007 2680 1116 2759 quibus
1133 2686 1235 2742 narrat
1259 2681 1289 2760 (ς
1309 2681 1373 2759 35),

292 2785 434 2866 Etruscos
449 2802 509 2842 non
524 2782 619 2843 solum
631 2783 782 2857 Romanis,
803 2785 856 2842 sed
872 2783 961 2844 etiam
972 2783 1079 2845 ceteris
1095 2783 1268 2845 civitatibus
1282 2783 1374 2842 mults

293 2883 477 2963 praedixisse
493 2884 596 2960 gravia
621 2889 652 2944 et
673 2903 757 2956 vera;
784 2905 923 2961 magnum
939 2889 1037 2946 autem
1055 2885 1149 2945 iuuisse
1171 2885 1375 2962 exemplorum
1459 2947 1464 2954 ,

293 3007 450 3048 numerum
469 3007 507 3047 ex
526 3007 561 3046 ea
582 2986 697 3046 ratione
716 2991 855 3064 apparet,
886 3009 945 3069 qua
965 2989 1066 3049 Cicero
1089 2990 1163 3048 haec
1179 2990 1286 3060 refert,
1309 3005 1375 3046 cum

292 3089 383 3150 dicit:
414 3095 530 3164 „terrae
556 3107 640 3165 saepe
666 3087 817 3162 fremitus,
848 3109 935 3166 saepe
959 3091 1106 3167 mugitus,
1139 3101 1223 3166 steps
1250 3090 1374 3147 motus.“

293 3190 416 3250 Duobus
437 3190 531 3264 igitur
546 3188 690 3264 exemplis
707 3193 863 3248 contentus
879 3190 909 3267 (5
927 3192 980 3264 36)
989 3234 997 3263 ,
1021 3206 1152 3269 ¹quorum
1167 3193 1283 3249 tantum
1301 3188 1375 3246 alte·

293 3311 375 3364 rum,
397 3291 475 3368 quod
493 3294 541 3349 est
556 3290 593 3348 de
612 3289 659 3348 ri.
680 3289 826 3362 Graccho,
851 3284 919 3348 eum
933 3309 994 3349 non
1011 3289 1163 3348 invenisse
1177 3289 1211 3348 in
1226 3289 1306 3348 libro
1321 3287 1375 3348 ali·

295 3411 353 3473 quo
370 3391 480 3450 Graeco
498 3395 620 3467 propter
638 3390 766 3451 auctoris
782 3391 884 3450 Latini
900 3391 1131 3469 appellationem
1150 3409 1203 3467 pro
1227 3395 1308 3451 certo
1330 3391 1374 3450 af-

294 3493 406 3552 firmari
429 3495 542 3568 potest,
573 3494 610 3551 da
627 3487 724 3552 altero*
740 3492 885 3568 dubitari,
907 3493 986 3568 fugit
1003 3492 1135 3553 taedium
1152 3493 1374 3552 transferendae

295 3594 329 3652 in
345 3593 455 3653 librum
473 3615 558 3654 suum
574 3595 666 3654 totius
684 3595 813 3655 Graecae
829 3597 867 3655 de
886 3597 1045 3656 artificiosa
1063 3595 1249 3656 divinatione
1263 3593 1375 3671 copiae,

295 3715 312 3756 a
330 3716 390 3776 qua
405 3699 505 3756 tamen
521 3717 581 3756 una
597 3697 698 3776 aliqua
713 3717 760 3756 res
779 3698 867 3773 mira,
889 3719 1014 3775 magnus
1031 3717 1126 3758 annus
1143 3696 1375 3774 Babyloniorum

294 3799 332 3878 (c.
353 3803 407 3872 le,
431 3798 535 3876 536),
568 3799 745 3858 festinanter
775 3801 891 3860 chartas
911 3800 1036 3860 Graecas
1059 3798 1253 3876 perlustranti
1275 3799 1374 3858 auimo

294 3899 432 3961 inhaesit
476 3887 539 3958 Iam
564 3919 603 3958 ex
626 3901 682 3960 hac
698 3901 928 3978 Babyloniorum
949 3901 1146 3962 astronomiae
1163 3902 1199 3961 ab
1216 3899 1375 3976 asuologia

295 4021 356 4063 non
373 4000 538 4062 disiunctae
560 4003 837 4064 commemoratione
861 4008 892 4063 et
916 4022 954 4062 ex
977 4023 1028 4077 ao,
1058 4004 1139 4082 quod
1156 4009 1236 4064 astra
1255 4017 1373 4082 quoque

296 4107 506 4164 enumerantur
527 4102 561 4162 in
582 4123 616 4164 ea
639 4103 834 4166 divinationis
854 4105 1018 4179 divisione,
1049 4124 1137 4184 quam
1157 4105 1258 4164 Cicero
1283 4102 1373 4163 initio

294 4203 365 4264 libri
381 4203 411 4283 (ἓ
432 4206 484 4284 12)
501 4205 602 4283 posuit
618 4226 764 4286 quamque
779 4209 817 4267 ad
835 4208 961 4268 eundem
978 4206 1152 4285 scriptorem
1169 4206 1313 4268 Graecum
1328 4225 1375 4266 re·
