3106 5018
815 403 855 468 16

284 582 309 621 a.
326 581 354 621 u.
372 579 396 622 a.
415 561 491 632 709,
514 577 573 637 quo
592 560 725 635 temporo
746 538 960 634 scriptionibus
979 557 1168 636 philosophis
1190 577 1368 636 magnopere

285 665 350 722 erat
371 663 539 738 occupatus.
583 659 649 720 Hac
672 678 705 719 re
729 663 761 720 et
775 659 985 721 coniunctione
1003 679 1069 720 eum
1084 659 1222 720 Panaetii
1236 659 1313 722 libro
1332 661 1369 721 ad

287 763 508 840 philosophiam
528 761 702 838 ¹pertinente
727 761 871 836 efficitur,
892 761 1028 822 Ciceroni
1050 764 1177 841 utroque
1195 760 1272 822 libro
1296 781 1370 838 opus

284 865 375 926 inisse
393 867 430 924 ad
447 865 664 940 componendos
679 863 772 922 libros
789 863 905 945 aliquos
921 863 1123 941 philosophos.
1154 853 1301 926 'Quocum
1316 882 1368 940 op-

283 967 356 1028 time
380 965 545 1036 consentit,
579 965 659 1044 quod
683 963 797 1024 iamin
822 963 908 1026 libris
935 966 972 1024 de
998 967 1121 1026 deorum
1142 968 1263 1037 natura,
1293 983 1368 1044 quos

283 1070 396 1129 aestate
423 1066 495 1126 anni
516 1066 576 1124 709
603 1085 670 1126 enm
697 1070 839 1126 tractasse
863 1066 972 1128 scimus
992 1067 1044 1145 (ci.
1062 1067 1255 1127 Schoemann.
1274 1066 1367 1144 prael.

284 1171 329 1228 ed.
349 1174 378 1227 2.
402 1187 430 1244 p.
449 1169 518 1244 18),
547 1167 718 1228 Caelianum
737 1168 852 1246 aliquid
869 1169 983 1245 profert
1000 1169 1031 1246 (l.
1048 1168 1095 1240 II,
1117 1167 1190 1247 58).
1221 1168 1283 1228 ,Ex
1304 1166 1369 1244 epi·

282 1273 362 1330 tome
385 1269 477 1344 igitur
499 1269 552 1328 illa
571 1269 657 1328 Bruti
677 1269 882 1330 Caelianorum
900 1289 966 1328 eum
985 1274 1016 1328 et
1038 1270 1094 1328 hoo
1119 1273 1149 1328 et
1168 1244 1244 1348 fflraa
1262 1267 1296 1328 in
1313 1268 1367 1328 l.I

282 1372 320 1431 de
338 1370 398 1430 div.
417 1375 574 1429 narrantur
597 1370 734 1445 exempla
750 1371 910 1446 sumpsisse
928 1370 993 1429 veri
1011 1369 1301 1446 estsimiuimam1).
1324 1401 1366 1414 -—

282 1471 495 1549 Exemplorum
521 1474 620 1530 autem
644 1475 834 1530 externorum
861 1471 989 1547 plurima
1015 1471 1116 1530 Oioero
1149 1470 1304 1530 transtulit
1328 1489 1367 1530 ex

283 1593 318 1634 eo
342 1573 418 1633 libro
439 1571 567 1647 Graeco,
599 1572 682 1632 euius
702 1593 846 1634 summam
868 1573 1070 1650 disputatione
1089 1573 1160 1634 libri
1181 1571 1290 1650 prioris
1314 1591 1366 1632 ex·

232 1740 234 1745 ,
282 1674 394 1752 primit
437 1675 505 1734 Hoc
528 1677 663 1752 apertum
681 1675 716 1734 fit
735 1694 774 1734 ex
791 1674 986 1751 dispositione
1003 1675 1037 1736 in
1055 1675 1227 1736 enarrandis
1243 1673 1366 1734 somniis

283 1777 417 1838 adhibita
439 1779 578 1857 quodque
601 1782 678 1851 tum,
710 1795 776 1840 oum
802 1796 866 1836 eam
887 1777 1015 1838 maxime
1034 1777 1196 1854 significat,
1229 1775 1367 1852 exempla

283 1879 394 1938 Graeca
411 1879 558 1954 leguntur.
604 1877 690 1944 Quod
707 1889 742 1940 ut
759 1881 918 1954 probemus
937 1879 997 1938 iam
1016 1879 1134 1956 singula
1156 1883 1226 1940 sunt
1242 1896 1366 1954 percen-

282 1983 381 2042 senda
426 1979 499 2060 §39
527 1983 664 2040 narratur
685 1980 831 2040 somnium
857 2001 896 2042 ex
920 1981 1044 2042 historia
1072 1980 1213 2059 petitum,
1243 1981 1323 2060 qnod
1348 1997 1365 2038 e

283 2084 393 2146 Graeco
417 2101 551 2143 sermone
576 2076 751 2142 aBiceroue
770 2082 946 2144 translatum
965 2103 1028 2144 esse
1047 2085 1097 2146 vel
1115 2083 1259 2144 Graecum
1276 2081 1366 2158 Syra·

282 2205 457 2245 cusanorum
481 2203 589 2244 nomen
621 2183 770 2244 declarare
796 2183 931 2257 videtur,
966 2206 1024 2263 quo
1050 2186 1151 2246 Cicero
1175 2185 1225 2243 hic
1255 2183 1364 2254 utitur;

282 2285 357 2346 dicit
381 2285 459 2343 enim
479 2283 657 2363 Dionysium
680 2289 839 2360 tyrannum
858 2285 1088 2362 Syracusiornm.
1132 2285 1190 2344 Sed
1209 2286 1364 2363 dispositio
1459 2321 1463 2328 ·

282 2388 383 2466 aliqua
406 2385 648 2466 insequentibus
671 2388 855 2449 observande
878 2389 1009 2449 nondum
1033 2387 1182 2447 indicatur
1202 2407 1299 2467 neque
1316 2388 1365 2449 ci-

282 2509 349 2553 cero
368 2489 540 2566 philosophi
556 2487 662 2549 Graeci
679 2489 787 2548 librum
802 2489 853 2548 hio
870 2492 908 2549 ad
925 2491 1143 2565 excerpendum
1160 2489 1290 2563 adhibet,
1312 2491 1364 2550 sed

285 2592 351 2652 sina
374 2591 464 2654 dubio
490 2590 627 2666 Philisti,
656 2611 744 2670 quem
768 2591 917 2667 appellat,
938 2589 1130 2652 historiarum
1153 2609 1218 2650 eam
1241 2595 1365 2667 partem,

284 2713 359 2773 quae
374 2675 438 2752 erat
454 2694 491 2752 de
506 2691 650 2770 Dionysio
667 2693 718 2770 (ad
734 2691 788 2754 Qu.
804 2693 840 2752 fr.
856 2693 898 2766 ΙΙ,
924 2693 984 2770 13).
1027 2695 1134 2772 Itaque
1151 2712 1229 2752 nune
1244 2693 1365 2773 quidem

359 2875 384 2942 1)
404 2877 441 2925 cf.
461 2892 524 2938 quae
549 2878 579 2925 de
598 2879 624 2926 O.
644 2877 740 2925 Fannio
759 2877 819 2925 dicit
835 2879 866 2926 H.
886 2879 959 2927 Peter
982 2879 1009 2926 in
1026 2883 1075 2926 ret.
1095 2880 1203 2928 historic.
1222 2881 1293 2929 Rom.
1311 2880 1369 2930 rcli·

285 2963 364 3026 quiis,
389 2979 413 3024 p.
434 2963 527 3012 covl:
553 2963 599 3024 ‚,O.
616 2959 706 3010 Fannii
730 2962 824 3016 mentio
844 2965 872 3012 fit
890 2979 904 3012 a
921 2965 1007 3026 paucis
1025 2959 1201 3026 scriptoribus,
1227 2966 1335 3026 primum
1352 2979 1368 3012 a

285 3049 411 3098 Cicerone.
448 3049 497 3108 Qui
513 3055 610 3107 tamen,
637 3048 683 3096 etsi
708 3049 730 3094 ei
747 3049 837 3097 Fannii
855 3052 958 3099 annales
976 3055 1047 3098 notos
1065 3051 1141 3098 luisse
1163 3059 1212 3097 non
1230 3051 1367 3109 abnuerim,

285 3149 387 3193 vereor,
414 3149 446 3180 ne
463 3133 512 3193 ipsi
529 3133 626 3180 Fannio
645 3133 781 3194 epitomen,
800 3149 874 3194 quam
892 3136 1030 3183 confecerat
1045 3135 1079 3182 M.
1099 3136 1190 3182 Brutus
1208 3135 1302 3181 amicus
1321 3132 1367 3196 (ad

283 3217 334 3264 Att.
353 3218 410 3276 XII,
430 3220 454 3276 5,
467 3217 505 3281 3),
518 3217 670 3277 praetulerit,
690 3232 764 3277 quam
781 3221 886 3266 multam
904 3233 959 3266 enm
976 3220 1002 3265 in
1013 3220 1091 3265 Bruto
1108 3218 1239 3266 scribendo
1255 3217 1366 3266 volvisse

281 3306 309 3350 'at
325 3302 449 3350 lectitasse
473 3317 503 3350 ex
521 3302 633 3362 epistulis
651 3303 789 3350 videmus“.
824 3303 897 3362 Quod
914 3318 974 3350 vero
993 3303 1133 3350 Wdlfflinus
1150 3301 1297 3362 (Antiochus
1313 3316 1365 3350 von

284 3387 393 3448 Syrahus
405 3389 457 3435 und
470 3387 568 3436 Caelius
581 3387 709 3448 Antipater
721 3403 745 3448 p.
757 3391 788 3436 50
802 3389 868 3448 sqq.)
881 3387 954 3435 dicit:
967 3387 1043 3434 Einar
1055 3388 1098 3434 der
1109 3387 1218 3434 Bxeurse
1229 3385 1365 3435 Ammian’s

284 3474 340 3532 (15,
361 3475 407 3531 10,
429 3474 470 3532 10)
495 3474 563 3521 stellt
586 3474 639 3520 sich
658 3499 689 3508 —
707 3501 741 3508 -
765 3473 805 3520 hei
824 3473 928 3520 niherer
946 3469 1058 3531 Priifung
1082 3472 1119 3518 als
1140 3471 1197 3516 acha
1220 3471 1364 3534 cilianisch,

281 3558 310 3617 ja
327 3557 417 3604 hdchst
433 3557 641 3606 wahrscheinlich
659 3560 697 3606 als
721 3559 761 3606 ain
778 3559 913 3619 Fragment
930 3560 974 3606 der
995 3571 1045 3604 von
1062 3555 1097 3602 M.
1112 3555 1204 3604 Brutus
1221 3558 1366 3616 gemachten
1433 3561 1435 3564 '

284 3644 390 3705 epitome
414 3644 494 3692 Caelii
512 3646 616 3703 herens,
642 3671 676 3680 -
699 3645 725 3692 id
750 3647 849 3704 quidem
866 3646 995 3706 probavit,
1022 3643 1199 3704 expositionem
1220 3643 1290 3689 illam
1307 3642 1365 3692 Am-

284 3730 361 3778 miani
386 3745 442 3780 essa
463 3731 623 3789 Gentianam,
650 3731 746 3776 nullum
769 3734 851 3778 autem
874 3732 955 3778 attulit
979 3733 1162 3790 argumentum,
1189 3741 1232 3775 cur
1256 3741 1310 3775 eam
1333 3741 1364 3775 ex

283 3814 339 3876 ipsa
356 3816 428 3862 Bruti
445 3815 551 3875 epitome
569 3819 693 3874 sumptam
711 3827 765 3861 esse
776 3818 897 3874 putemus.
932 3816 1017 3874 Neque
1033 3812 1167 3872 quidquam
1183 3813 1251 3860 aliud
1270 3813 1300 3860 da
1317 3813 1365 3859 huc

284 3899 375 3946 scimus
392 3903 490 3958 praeter
512 3914 555 3959 ea,
582 3913 644 3958 quaa
663 3898 779 3958 exposui,
808 3899 858 3946 nisi
875 3900 940 3958 quod
958 3898 1097 3959 probabilis
1121 3901 1158 3944 cst
1175 3898 1288 3946 Tsnffelii
1305 3898 1363 3959 (litt.

283 3984 355 4031 Rom.
372 3984 430 4032 hist.
449 3985 488 4030 sd.
508 3986 531 4030 1.
552 3999 576 4043 p.
597 3983 658 4046 184)
678 3983 830 4042 coniectura,
856 3988 956 4044 propter
979 3983 1176 4032 coniunctionem
1199 3997 1255 4030 cum
1278 3981 1363 4030 caelio

284 4069 317 4114 ad
334 4067 457 4128 epitomen
474 4069 545 4116 Bruti
557 4068 731 4116 (lusitanorum
748 4067 903 4116 reserandum
921 4083 976 4117 assa
993 4069 1060 4129 quod
1077 4069 1181 4130 legimus
1199 4069 1266 4129 apud
1280 4067 1361 4128 Sosip.

284 4148 425 4200 charisium
442 4169 467 4214 p.
484 4158 531 4204 131
551 4155 588 4202 ad.
608 4154 786 4201 Lindemann:
812 4153 954 4214 „Subindez
980 4153 1064 4214 Nepos
1088 4155 1119 4201 de
1139 4153 1277 4203 illustribus
1301 4153 1363 4200 viris

283 4237 327 4286 lib.
346 4239 384 4297 ll;
401 4241 446 4287 sed
464 4245 488 4288 et
504 4241 596 4290 Brutus
614 4245 639 4288 et
655 4239 755 4288 Coelius
773 4241 956 4300 frequentares
975 4239 1014 4288 usi
1031 4244 1114 4287 sunt.“
