3106 5018
755 433 799 497 30

235 585 410 664 discipulus.
454 588 528 645 Post
549 585 748 664 Chrysippum
771 593 802 647 et
822 593 892 648 ante
907 587 1083 648 Panaetium
1102 589 1317 652 divinationem

239 691 358 768 scriptis
387 694 592 750 tractaverunt
619 689 768 763 Diogenes
795 690 979 767 Babylonius
1005 695 1036 749 et
1063 692 1225 770 Antipater
1245 695 1317 753 Tar·

238 793 341 864 sensis,
370 811 496 870 quorum
517 791 568 850 ille
591 790 670 850 circa
690 811 802 850 annum
824 793 1018 851 centesimum
1039 793 1317 873 quinquagesimum

237 899 307 954 ante
329 895 399 953 Chr.
421 899 554 952 mortuus
577 899 623 952 est
643 894 693 971 (of.
716 894 821 954 Zeller.
844 895 864 957 l.
879 893 900 954 l.
922 915 951 972 p.
972 895 1038 973 41),
1062 895 1112 954 hie
1133 896 1214 956 intra
1235 899 1315 957 hunc

237 1001 267 1056 et
292 997 484 1059 centesimum
511 996 774 1054 undetricesimum
795 997 924 1056 Athenis
951 997 1172 1075 philosophiam
1201 1000 1342 1072 docuit3.

235 1100 294 1158 hoc
309 1099 388 1157 enim
410 1117 489 1157 anno
505 1117 570 1156 eum
585 1102 734 1156 mortuum
750 1117 813 1156 csse
829 1104 880 1158 aut
897 1099 997 1176 paullo
1013 1106 1083 1160 ante
1097 1100 1167 1160 inde
1182 1102 1313 1179 apparet,

237 1199 315 1278 quod
338 1200 502 1259 Carneades
524 1200 685 1258 secundum
706 1200 793 1274 Diog.
812 1202 865 1260 La.
885 1203 937 1275 IV,
963 1207 1002 1260 64
1026 1203 1053 1261 ei
1076 1209 1225 1280 superstes
1245 1205 1312 1264 fuit.

234 1301 396 1378 Antipater
409 1289 502 1377 igitur
516 1302 702 1379 potissimum
717 1304 877 1363 Carneadis
891 1304 950 1362 fuit
964 1305 1105 1382 aequalis,
1129 1311 1219 1384 atque
1233 1307 1313 1366 inter

234 1406 289 1463 hos
312 1404 470 1482 praecipue
492 1404 568 1464 acris
589 1405 648 1464 fuit
668 1423 703 1463 ea
719 1407 879 1479 contentio,
902 1425 991 1486 quam
1012 1407 1064 1466 illo
1087 1412 1219 1485 tempore
1234 1412 1311 1466 Ace·

233 1507 339 1565 domici
361 1508 530 1565 habuerunt
552 1525 618 1565 cum
640 1507 764 1580 Stoicis3
793 1502 938 1582 ct'Diog.
962 1509 1015 1566 La.
1033 1509 1053 1566 l.
1074 1508 1095 1567 l.
1116 1513 1170 1568 Ac.
1193 1509 1249 1586 pri.
1267 1512 1309 1583 II,

235 1610 272 1666 17
280 1629 288 1678 ;
312 1613 368 1680 283
398 1611 452 1668 Ao.
474 1614 551 1685 p'ost.
573 1610 610 1667 fr.
631 1613 644 1666 l
670 1611 748 1687 apud
771 1611 922 1668 Baiterum
945 1609 1002 1688 (cd.
1025 1610 1180 1687 leucha).
1224 1613 1310 1670 Certe

231 1710 325 1784 igitur
346 1711 511 1769 Carneades
534 1716 564 1769 et
583 1711 783 1770 Clitomachus
806 1713 952 1770 rationem
973 1713 1143 1772 habuerunt
1157 1713 1311 1790 Antipatri

231 1812 263 1871 in
291 1813 468 1889 disputando
498 1811 534 1870 de
561 1812 729 1872 Stoicorum
758 1814 794 1871 de
821 1814 1006 1874 divinatione
1035 1814 1206 1889 sententiis,
1237 1817 1310 1894 quin

231 1915 321 1974 etiam
342 1915 479 1974 refutatis
501 1905 589 1973 liuius
612 1917 647 1974 de
676 1916 728 1973 illa
751 1916 877 1974 decretis
899 1921 963 1976 tota
984 1916 1150 1975 Stoicorum
1175 1919 1212 1976 de
1234 1918 1309 1978 divi·

230 2017 352 2076 natione
374 2017 508 2076 doctrina
529 2019 658 2076 refutata
679 2018 750 2090 fuit,
774 2019 799 2077 si
822 2019 941 2098 quidem
962 2019 1027 2080 vari
1051 2018 1232 2078 simillimum
1254 2025 1308 2092 est,

229 2119 421 2197 Antipatrum
444 2139 495 2178 eas
516 2120 701 2196 superiorum
719 2121 886 2179 Stoicorum
909 2122 1073 2180 sententias
1095 2122 1144 2183 vel
1165 2122 1309 2181 abiecisse

228 2222 278 2283 vel
298 2227 435 2295 mutasse,
458 2241 534 2300 quae
555 2222 649 2298 ipsius
670 2227 803 2297 tempore
825 2223 946 2298 probari
969 2224 1029 2279 iam
1051 2242 1112 2281 non
1134 2214 1305 2298 potuerunt,

228 2325 272 2384 ita
293 2328 327 2382 ut
347 2325 591 2383 Academicorum
611 2325 792 2383 refutatione
814 2325 932 2383 illarum
954 2324 1013 2382 iam
1041 2344 1102 2382 non
1125 2343 1198 2400 opus
1220 2330 1305 2384 osset.

228 2425 382 2502 Antipatri
412 2427 506 2501 igitur
536 2426 730 2487 divinationis
763 2427 847 2485 notio
876 2425 1021 2485 carneadi
1054 2431 1118 2484 erat
1146 2424 1305 2500 reicienda,

126 2512 129 2520 ¹
227 2531 369 2606 atque‘ad
384 2529 477 2603 illum,
499 2549 560 2587 non
575 2529 612 2586 cd
627 2529 792 2603 Diogenem
807 2527 1005 2604 Babylonium
1018 2561 1061 2570 -
1076 2527 1112 2585 de
1126 2525 1175 2584 his
1188 2533 1305 2586 tantum

227 2631 341 2690 duobus
364 2631 509 2690 dubitatio
539 2635 724 2690 remanserat
745 2663 788 2674 -·
815 2631 972 2689 referenda
1001 2635 1046 2687 est
1067 2627 1201 2687 definitio
1229 2629 1305 2690 divi-

223 2733 354 2792 nationis
375 2752 393 2790 a
407 2732 549 2790 Cicerone
564 2732 597 2788 in
612 2731 705 2791 altero
720 2733 798 2790 libro
814 2731 925 2790 reiecta
946 2729 975 2808 (ξ
994 2732 1054 2809 13).
1100 2730 1185 2796 Quod
1204 2736 1304 2791 eutem

225 2834 352 2911 scriptor
363 2830 505 2904 Graecus,
528 2850 546 2889 a
568 2851 627 2910 quo
643 2833 745 2891 Cicero
764 2851 816 2890 sua
832 2832 966 2909 sumpsit,
989 2832 1021 2890 in
1036 2835 1094 2892 hac
1109 2833 1304 2895 divinationis

224 2936 347 2995 notione
368 2935 526 2993 refutanda
549 2934 684 2992 constit‘t
705 2954 803 3013 neque
831 2934 978 2993 rationem
999 2937 1105 2995 habuit
1129 2937 1303 3014 posterioris

224 3037 416 3096 aPosidonio
439 3037 579 3114 prolatae,
603 3056 637 3094 eo
653 3036 789 3110 efficitur,
812 3038 897 3096 illum
913 3039 1067 3116 scripsisse
1088 3039 1198 3098 librum
1217 3060 1302 3098 suum

224 3145 294 3198 ante
322 3139 515 3197 Posidonium
546 3159 672 3217 cumque
703 3159 766 3197 esse
796 3141 1020 3200 Clitomachum.
1071 3141 1146 3198 Tum
1176 3142 1301 3211 demum,

136 3260 138 3264 ’
225 3261 291 3299 cum
313 3241 371 3297 hoo
387 3239 558 3298 conceditur
579 3232 788 3314 intellegimus,
813 3242 959 3318 quomodo
981 3243 1092 3298 factum
1115 3242 1161 3313 sit,
1184 3246 1218 3299 ut
1235 3241 1315 3298 uni-'

223 3360 310 3404 versa
325 3341 474 3400 Ciceronis
490 3342 640 3416 refutatio,
661 3361 750 3422 quam
765 3342 857 3400 altero
872 3341 950 3400 libro
965 3341 1098 3413 legimus,
1121 3346 1182 3399 tam
1196 3361 1301 3417 parum

222 3445 442 3502 accommodata
465 3445 503 3503 sit
525 3445 562 3502 ad
577 3445 687 3503 librum
704 3445 834 3520 priorem
851 3443 1035 3520 excerpendo
1053 3442 1213 3501 Posidonio
1232 3461 1300 3501 oon-

221 3548 341 3618 feetum,
364 3547 387 3604 si
412 3547 532 3625 quidem
554 3549 688 3606 ordinem
710 3569 809 3607 rerum
831 3552 1026 3606 tractatarum
1048 3551 1172 3622 spectas,
1196 3548 1301 3602 contra

222 3649 255 3706 in
270 3647 347 3706 libro
368 3649 469 3725 priore
486 3671 547 3709 non
564 3650 659 3708 solum
676 3651 847 3708 cautissima
866 3650 920 3708 illa
936 3648 1117 3720 definitione,
1141 3648 1192 3705 sed
1211 3645 1300 3705 etiam

222 3751 289 3810 aliis
316 3752 406 3824 locis,
437 3757 472 3810 ut
498 3753 678 3824 videbimus,
707 3753 784 3810 ratio
814 3753 917 3811 habita
945 3759 1008 3810 esde
1030 3750 1167 3816 videatur
1188 3768 1299 3821 eorum,

223 3872 299 3932 quae
320 3853 414 3912 altero
435 3855 513 3913 libro
530 3857 722 3937 opponuntur
743 3885 785 3895 —
808 3859 951 3930 quantum
967 3851 1086 3931 quidem
1100 3852 1174 3909 haec
1192 3851 1299 3911 evitari

223 3959 394 4031 potuerunt.
803 3947 811 3962 ’

307 4057 453 4116 Absoluta
471 4056 679 4133 disputatione,
703 4075 762 4134 qna
776 4055 916 4117 universe
938 4057 1163 4127 demonstretur,
1186 4053 1298 4112 nullam

223 4177 286 4217 esse
303 4159 524 4230 divinationem,
548 4158 649 4216 Oieero
665 4157 850 4230 divisionem,
874 4158 1034 4216 secundum
1052 4177 1140 4236 quam
1155 4157 1192 4213 de
1210 4155 1299 4213 rebus

223 4259 347 4335 singulis
377 4261 456 4320 libro
485 4259 584 4336 priore
614 4261 750 4320 tractatis
780 4261 971 4323 disserturus,
991 4263 1048 4333 est,
1081 4258 1237 4336 perspicue
1268 4262 1298 4315 et
