3106 5018
810 429 851 494 14

288 589 322 647 et
334 587 460 647 fortasse
477 582 567 643 etiam
583 580 761 643 Posidonius
779 585 867 644 natus
882 585 1048 661 Apameae,
1071 601 1147 662 qnae
1164 583 1198 642 in
1212 583 1300 662 Syria
1314 584 1372 645 sita

289 691 343 748 est.
387 685 479 746 Hunc
494 685 530 745 de
546 685 732 746 divinatione
749 703 789 746 ex
806 685 894 748 astris
911 685 1086 746 disseruisse
1101 685 1234 746 efflatur
1249 703 1316 746 oum
1332 705 1371 746 err

190 835 192 840 ,
289 791 454 864 fragmento
478 787 663 847 Ciceroniaui
686 789 723 846 de
745 789 808 848 fato
832 787 904 848 libri
920 791 962 866 (p.
979 793 1040 847 233
1060 807 1104 867 sq.
1126 789 1205 864 apud
1221 787 1371 847 Daiternm
1474 835 1478 846 .

289 890 322 948 in
342 889 471 949 editione
487 889 733 966 Tauohnitziana)
745 893 808 949 tum
824 889 893 949 inde
912 889 1064 969 quodiam
1079 889 1180 948 nullus
1196 890 1272 948 alius
1286 907 1371 965 prae·

288 995 335 1052 ter
353 990 545 1050 Posidonium
564 993 657 1049 restet
677 989 808 1063 Stoicus,
841 992 879 1049 ad
899 1009 986 1069 quem
1011 991 1172 1050 referamus
1189 1010 1254 1050 eam
1277 983 1372 1050 astro'·

288 1091 386 1168 legiae
403 1091 618 1164 defensionem,
642 1111 730 1170 quam
752 1097 787 1151 ut
809 1091 939 1152 vidimus
956 1094 996 1170 (p.
1015 1093 1083 1170 12),
1105 1089 1278 1152 continebat
1294 1092 1370 1152 liber

288 1196 418 1256 Graecum
441 1211 459 1252 a
481 1191 623 1252 Cicerone
648 1194 809 1254 adhibitus.
855 1191 941 1256 Quod
966 1213 1025 1273 quo
1049 1193 1155 1254 molins
1179 1193 1370 1270 intellegatur

288 1296 495 1375 perlustranda
511 1298 558 1354 est
574 1294 739 1354 Stoicarum
764 1297 801 1355 de
823 1295 1011 1355 divinatione
1030 1295 1227 1371 scriptionum
1243 1295 1334 1355 series
1352 1313 1369 1356 a

288 1398 387 1458 'llullio
407 1398 459 1457 l.I
484 1396 501 1475 ᾖ
520 1403 537 1454 6
559 1401 742 1472 exprompta.
786 1395 913 1457 Zenonis
935 1401 987 1456 aut
1012 1397 1164 1456 Cleanthis
1191 1401 1370 1458 commenta-

287 1499 348 1560 rios
371 1517 438 1558 eum
464 1497 611 1558 evolvisse
630 1516 715 1558 nomo
741 1498 868 1575 putabit.
913 1498 1227 1578 Chrysippum.atque
1243 1498 1370 1575 Antipa-

287 1607 366 1662 trum
387 1600 523 1660 inlibris
542 1599 604 1659 suis
620 1602 657 1659 de
676 1597 864 1660 divinatione
888 1619 948 1660 non
964 1600 1138 1661 disseruisse
1156 1602 1193 1662 de
1211 1584 1370 1685 astrologia

288 1704 504 1763 demonstrasse
521 1702 596 1761 mihi
618 1702 736 1776 videor;
766 1705 898 1762 ceterum
922 1702 1082 1780 Chrysippi
1098 1701 1183 1762 libris
1201 1702 1370 1762 Ciceronem

288 1822 349 1865 non
381 1823 445 1864 esse
469 1823 553 1864 usum
579 1803 692 1864 indicia
715 1804 776 1863 iam
807 1823 839 1864 se
869 1805 1041 1864 obtulerunt
1065 1806 1107 1881 (p.
1137 1809 1163 1862 8.
1190 1809 1236 1863 10.
1264 1805 1315 1882 11)
1339 1809 1370 1864 et

287 1907 411 1983 posthae
425 1925 458 1966 se
473 1907 610 1968 offerent.
655 1906 778 1984 Reliqui
795 1911 865 1966 sunt
878 1907 1029 1983 Diogenes
1045 1905 1226 1984 Babylonius
1241 1912 1272 1966 st
1286 1905 1370 1967 Posi·

287 2007 403 2081 deuius,
426 2027 550 2088 quornm
560 2008 785 2068 alterumutrum
802 2008 971 2069 aCioerons
986 2005 1153 2068 adhibitum
1170 2025 1234 2066 esse
1249 2027 1368 2068 neeesse

289 2112 343 2171 est.
386 2110 535 2186 Diogenes
558 2113 594 2169 ab
619 2129 654 2169 eo
680 2115 799 2187 praeter
821 2110 1031 2170 refutationem
1054 2109 1136 2168 illam
1158 2110 1370 2185 astrologorum

288 2213 347 2289 (II,
370 2231 397 2271 o.
420 2213 473 2287 43)
492 2231 509 2270 e
528 2211 670 2270 Panaetio
693 2217 840 2287 sumptam
859 2212 907 2290 (ci.
925 2231 954 2287 p.
974 2211 1024 2287 13)
1043 2214 1076 2270 et
1091 2211 1255 2270 Stoicorum
1273 2212 1309 2270 de
1325 2211 1369 2270 di·

268 2310 270 2314 ’
287 2312 440 2372 vinctione
454 2313 597 2372 librorum
614 2313 779 2386 catalogum
793 2312 881 2372 initio
897 2312 967 2372 libri
985 2311 1117 2370 Tulliani
1132 2311 1262 2388 positum
1279 2313 1316 2390 (I,
1340 2319 1368 2387 3,

288 2417 321 2494 6)
342 2415 433 2474 semel
451 2413 540 2474 etiam
561 2415 743 2491 appellatur,
776 2414 855 2474 inter
880 2418 971 2474 testes
996 2413 1111 2474 scilicet
1133 2413 1369 2475 ratiocinationis

286 2509 384 2589 illius',
406 2536 465 2596 qua
477 2515 572 2575 Stoici
587 2517 788 2576 demonstrare
802 2517 969 2600 studebant,
992 2533 1056 2574 esse
1072 2535 1104 2574 re
1120 2535 1192 2576 vera
1208 2515 1368 2578 divinatio-

288 2638 372 2692 nem,
395 2620 413 2678 l.
435 2619 461 2692 Ι,
484 2617 500 2696 5
520 2623 570 2691 84,
592 2629 730 2695 quaeres
747 2617 852 2676 iisdem
869 2616 969 2676 verbis
984 2616 1146 2695 exponitur
1162 2616 1182 2676 l.
1197 2617 1239 2691 II,
1262 2617 1278 2696 §
1298 2622 1366 2677 101.

287 2722 401 2781 Iterum
424 2723 522 2779 summ
539 2724 629 2798 atque
646 2719 755 2780 iterum
773 2724 820 2778 est
836 2720 1032 2792 monendum,
1060 2699 1232 2780 Ciceronem
1252 2724 1368 2779 tantum

179 2833 183 2838 ’
287 2823 417 2882 laborem
428 2826 517 2902 atque
529 2841 648 2898 operam
662 2822 695 2880 in
707 2820 883 2898 scriptiones
897 2841 965 2881 suas
975 2821 1169 2899 philosophas
1179 2842 1240 2882 non
1253 2821 1368 2898 impen-

225 2933 227 2938 '
288 2923 381 2997 disse,
403 2930 561 2985 uteorum
583 2925 715 2985 omnium
730 2923 990 3001 philosophorum,
1012 2944 1086 3004 quos
1109 2925 1252 3002 appellat,
1274 2924 1367 2984 libros

286 3023 407 3100 legeret,
429 3045 605 3105 semperque
622 3028 790 3100 tenendum,
813 3047 878 3086 eum
895 3027 968 3086 alios
983 3033 1099 3087 veteres
1113 3027 1280 3102 scriptores,
1302 3028 1366 3083 tum

287 3126 458 3187 Ciceronem
471 3147 559 3205 quam
574 3127 723 3185 rarissime
737 3147 909 3203 nunoupare
926 3133 1075 3188 auctorem
1091 3127 1170 3198 libri,
1187 3145 1226 3184 ex
1237 3144 1297 3200 quo
1313 3141 1367 3181 sua

287 3227 429 3302 excerpit.
474 3225 622 3302 Quodque
644 3230 723 3284 certo
751 3227 876 3298 scimus,
912 3245 980 3284 eum
1006 3245 1066 3285 non
1091 3243 1156 3284 osse
1179 3243 1265 3282 usum
1287 3222 1364 3282 libro

287 3325 455 3404 Chrysippi,
478 3345 566 3404 quem
579 3329 677 3384 tamen
693 3344 753 3384 una
768 3345 833 3384 cum
848 3325 983 3401 Diogene
1000 3331 1030 3385 et
1044 3325 1202 3400 Antipatro
1216 3325 1365 3382 auctorem

194 3425 195 3428 ’
286 3429 361 3489 dieit
375 3428 457 3488 illius
476 3427 688 3501 conclusionis,
717 3439 755 3488 ne
774 3429 879 3487 horum
899 3427 1018 3508 quidem
1036 3427 1147 3503 scripta
1162 3429 1284 3502 propter
1300 3443 1365 3484 eam

288 3529 459 3589 Ciceronem
475 3530 642 3606 inspexisse
659 3531 718 3592 iarn
732 3531 819 3591 facile
836 3532 982 3591 credimus
999 3535 1030 3590 et
1045 3549 1099 3607 pro
1117 3532 1196 3590 certo
1213 3527 1365 3600 habemus,

287 3651 354 3693 enm
366 3631 416 3691 hic
430 3638 562 3691 secutum
578 3652 642 3691 esse
657 3633 748 3691 alium
762 3633 936 3709 scriptorem
948 3633 1069 3692 illorum
1082 3631 1173 3691 trium
1187 3629 1365 3689 sententiani

286 3735 463 3795 reterentem
478 3739 509 3795 et
522 3734 642 3794 nomina
658 3734 857 3796 exhibentem.
900 3734 1034 3807 Accedit,
1056 3735 1135 3815 quod
1150 3731 1294 3806 Diogenis
1309 3732 1365 3791 Ba·

285 3839 402 3915 bylonii
414 3842 532 3914 praeter
547 3839 627 3896 locos
643 3855 732 3912 supra
747 3836 841 3896 dictos
856 3837 890 3894 in
904 3841 965 3896 toto
987 3855 1075 3913 opere
1094 3833 1232 3894 Tulliano
1248 3832 1364 3892 nullum

286 3943 385 4000 entst
406 3939 575 4015 vestigium.
624 3937 697 3996 Eius
729 3937 821 4014 igitur
851 3940 888 3997 ds
914 3937 1100 3998 divinatione
1126 3936 1234 3995 librum
1261 3935 1364 3996 Cicero

287 4061 347 4100 non
362 4040 506 4100 adhibuit.
549 4043 597 4099 Ita
613 4044 649 4100 ut
665 4043 767 4099 auctor
781 4040 936 4120 utriusque
952 4038 1108 4100 divisionis
1122 4039 1185 4116 (15
1207 4043 1245 4096 12
1262 4041 1293 4096 et
1310 4036 1363 4114 34)

270 4177 272 4181 ·
287 4143 427 4203 stbrovis
442 4146 479 4203 de
492 4139 653 4204 artificiosa
665 4142 848 4203 divinatione
859 4141 1077 4221 disputationis,
1099 4137 1364 4220 quemquassitari

287 4244 471 4324 aliquantum
493 4244 619 4321 digressi
641 4263 769 4318 eramus,
792 4247 885 4306 restat
906 4245 985 4304 solus
1005 4242 1191 4303 Posidonius.
