3106 5018
651 422 727 495 17.

132 578 257 640 historia
273 575 419 637 deseritur
435 579 466 636 et
482 577 519 636 ad
539 576 653 637 tabulas
666 595 839 639 revocamur
861 575 889 655 (5
905 576 967 654 40),
988 579 1022 638 ot
1037 577 1130 640 inseri
1145 597 1212 656 pos-

132 681 195 740 sint
215 699 317 740 versus
332 678 425 738 Ennii
449 683 480 738 et
495 677 589 750 Attii,
609 682 762 754 praeterea
779 680 899 739 Aeneae
923 678 1070 739 somnium
1087 681 1212 742 aFabio

132 781 250 842 Pictore
281 783 433 840 narratum
457 781 484 859 (ξ
508 779 668 857 40—-45).
712 778 815 854 Pergit
848 783 948 842 autem
975 781 1093 842 Cicero:
1129 786 1213 860 „Age

132 903 213 943 nunc
228 884 266 942 ad
288 887 413 942 externa
430 883 602 940 redeamus“
626 869 733 958 nempe
751 884 789 942 ad
805 883 942 958 exempla
955 882 1098 943 historica
1112 903 1130 944 a
1146 884 1214 962 plri-

132 985 256 1061 losopho
280 983 391 1043 Graece
416 981 559 1042 exhibita.
602 983 678 1041 Nam
701 1001 768 1042 eum
786 982 940 1042 Heraclidi
962 982 1088 1045 Pontico
1111 990 1142 1046 et
1159 987 1214 1046 Di·

134 1086 223 1160 noni,
245 1088 282 1145 ad
299 1105 373 1164 quos
389 1084 439 1144 hic
455 1087 611 1163 provocat,
633 1084 686 1144 illo
702 1089 852 1162 tempora,
880 1105 939 1164 quo
952 1085 1129 1162 scriptiones
1144 1089 1215 1164 phl-

134 1188 274 1264 lcsophas
299 1186 481 1263 comperuit,
512 1205 630 1262 operam
653 1186 770 1246 dedisse
797 1205 883 1245 nemo
908 1187 1034 1263 putabit.
1062 1221 1104 1232 -
1131 1187 1214 1252 Quae

136 1291 152 1370 ς
172 1293 210 1349 47
236 1293 418 1367 sequuntur,
450 1289 506 1347 hoc
529 1288 593 1348 loco
618 1307 635 1347 a
659 1288 837 1364 philosopho
858 1288 969 1348 Graeco
992 1289 1128 1365 exposita
1150 1309 1215 1352 esse

135 1411 196 1470 non
215 1394 392 1468 potuerunt;
415 1409 476 1449 non
499 1389 578 1448 enim
598 1389 754 1449 continent
772 1390 908 1467 exempla
923 1389 1112 1450 somniorum.
1155 1393 1215 1452 Ne·

136 1477 280 1572 ¹quevero
297 1512 375 1552 nova
394 1491 603 1568 disputationis
620 1511 705 1568 pars,
735 1511 793 1570 qua
811 1493 848 1550 de
867 1491 925 1552 alio
943 1491 1137 1552 divinationis
1152 1497 1216 1554 erte

136 1594 263 1655 carentis
282 1613 389 1669 genere
412 1599 563 1668 ageretur,
594 1597 645 1653 ant
664 1614 731 1654 cum
748 1593 991 1654 antecedentibus
1009 1594 1216 1670 coniungenda

136 1701 187 1756 aut
203 1697 270 1772 ipsa
283 1695 455 1772 incipienda
473 1700 537 1755 erat
554 1695 603 1754 his
619 1695 738 1755 verbisr
759 1699 827 1768 „est
841 1696 974 1771 prolecto
990 1695 1080 1754 ctiam
1097 1696 1131 1756 in
1149 1699 1216 1756 bar-

136 1797 216 1864 baris
237 1796 376 1873 gentibus
395 1797 608 1873 praesentiens
623 1802 713 1873 atque
733 1797 872 1857 divinans
880 1801 905 1870 ,“
928 1789 1026 1877 neque
1044 1804 1148 1874 postea
1167 1799 1216 1858 his

136 1899 286 1959 finiendar
317 1900 407 1972 „haec
431 1900 468 1958 da
490 1899 574 1958 Indis
601 1903 632 1958 et
652 1899 776 1974 Magis“.
818 1898 877 1958 Sed
900 1919 966 1958 cum
991 1900 1089 1960 animo
1114 1900 1217 1976 Tullii,

139 2001 192 2080 qui
208 2005 302 2060 totum
318 2001 411 2060 Stoici
425 2001 544 2075 librum,
566 2005 725 2078 antequam
738 2003 811 2059 haec
827 2021 880 2060 sua
894 2001 1028 2078 scripsit,
1051 2006 1131 2062 certe
1148 2023 1217 2080 per-

137 2103 285 2176 lustravit,
306 2104 383 2162 fetta
400 2105 607 2162 obversaretur
619 2102 755 2162 Callanus
771 2103 865 2162 Indrm
880 2107 910 2161 et
925 2104 961 2162 ab
973 2107 1092 2163 auctore
1103 2103 1216 2166 Graeco

138 2211 169 2266 et
184 2207 220 2266 ab
241 2205 306 2282 ipso
330 2205 428 2282 aptius
446 2204 503 2264 alio
526 2205 604 2278 loeo,
633 2206 670 2263 de
694 2224 753 2283 quo
770 2224 841 2264 mox
857 2205 987 2277 dicetur,
1008 2225 1218 2266 commemora·

137 2311 202 2382 tus,
235 2307 470 2384 praetermittere
494 2325 561 2366 eum
584 2307 634 2366 hio
653 2307 757 2380 nolens
778 2307 910 2366 ordinem
929 2307 1070 2367 turbavit.
1115 2307 1217 2373 Quod·

139 2429 197 2489 qne
215 2410 348 2470 absoluta
370 2412 407 2469 de
431 2409 549 2469 Callano
570 2409 740 2469 narratione
763 2409 866 2469 (licere
888 2409 992 2474 dicits,
1006 2409 1144 2482 „discede
1164 2431 1217 2488 pa·

138 2531 258 2589 rumper
273 2532 291 2571 a
306 2511 443 2584 somniis,
465 2514 502 2571 ad
522 2531 597 2591 quae
613 2531 684 2575 mox
700 2516 869 2585 revertar“,
891 2511 980 2571 etiam
995 2510 1070 2587 ipsis
1086 2513 1134 2570 his
1150 2532 1219 2574 ver·

138 2614 185 2673 bis
204 2614 393 2674 manifestum
411 2614 460 2687 iit,
481 2616 561 2691 apud
576 2613 749 2690 scriptorem
766 2613 909 2672 Graecum
925 2613 981 2672 hoc
998 2613 1062 2672 loeo
1079 2612 1163 2673 illam
1179 2614 1218 2674 de

139 2715 235 2790 Magis
250 2715 510 2789 narratiunculam,
531 2735 607 2796 quae
621 2717 714 2776 verba
730 2735 747 2775 a
762 2734 811 2776 me
826 2714 976 2791 exscripta
990 2714 1133 2794 sequitur,
1155 2735 1218 2776 non

138 2814 302 2888 exstitisse,
336 2818 388 2874 sed
413 2821 466 2876 ant
491 2817 627 2876 Ciceroni
649 2821 753 2893 utpote
779 2817 954 2893 pervulgata
980 2820 1051 2875 nota
1074 2821 1138 2876 erat
1164 2821 1217 2878 aut

138 2937 204 2976 eam
220 2935 338 2996 quoque
359 2916 434 2992 legit
454 2917 487 2976 in
510 2919 569 2977 alia
585 2913 656 2976 libri
671 2917 776 2975 Graeci
792 2921 892 2992 parte,
913 2916 962 2974 hic
982 2919 1080 2976 autem
1098 2914 1137 2975 a'x
1152 2919 1218 2976 Ma·

139 3038 243 3094 gerum
259 3017 289 3096 (S
308 3018 362 3094 46)
380 3022 410 3076 et
430 3017 595 3077 Alexandri
611 3017 886 3076 commemoratione
902 3017 967 3075 eins
983 3018 1153 3077 recordatus
1169 3018 1217 3078 in·
1258 3081 1262 3086 ,

138 3121 239 3180 seruit.
281 3119 438 3179 Posterius
456 3119 522 3180 veri
547 3118 673 3179 similius
695 3122 754 3191 est,
789 3117 860 3196 quia
883 3117 1071 3178 notissimum
1096 3117 1225 3199 quidem'

138 3226 169 3282 et
184 3223 390 3299 pervulgatum
408 3226 488 3295 erat,
509 3222 714 3281 Alexandrum
732 3221 872 3296 Magnum
888 3222 990 3280 eedem
1012 3225 1098 3280 nocte
1114 3226 1218 3282 natum

138 3344 202 3385 esse
224 3330 313 3404 atque
336 3324 480 3401 templum
499 3324 697 3400 Ephesiacum
719 3322 886 3395 incensum,
915 3321 1014 3381 minus
1035 3326 1134 3382 antem
1157 3325 1218 3384 for·
1317 3327 1320 3338 “

136 3430 224 3498 tasse,
240 3426 349 3500 Magos
365 3430 428 3485 tum
445 3423 534 3486 Asiae
551 3424 714 3501 perniciem
730 3423 923 3500 praedixisse,
967 3422 1055 3485 Quod
1072 3423 1099 3482 si
1113 3445 1218 3486 verum

137 3531 196 3600 est,
224 3529 366 3588 habemus
382 3527 542 3602 vestigium
564 3529 595 3586 et
612 3525 788 3602 particulam
812 3524 875 3584 eius
894 3524 1119 3601 disputationis,
1141 3509 1220 3609 quae¹

136 3629 169 3688 in
192 3629 269 3688 libro
291 3629 401 3688 Graeco
424 3627 484 3688 fuir
500 3630 538 3688 de
562 3628 655 3688 altero
679 3627 874 3687 divinationis
898 3626 1074 3687 artificiosae
1098 3649 1216 3705 genere,
1252 3673 1256 3682 .

137 3734 173 3791 de
189 3731 228 3790 iis
245 3730 375 3803 scilicet,
404 3730 457 3809 qui
478 3749 526 3789 res
546 3749 639 3795 novas
656 3729 825 3792 coniectura
841 3733 1069 3809 persequuntur.
1114 3729 1217 3806 Suspi-

136 3833 182 3893 cio
197 3834 285 3906 haec‚
314 3831 449 3891 Ciceroni
466 3852 541 3910 quaa
562 3832 578 3910 ς
598 3833 636 3890 47
661 3836 763 3891 narrat
781 3831 814 3890 in
833 3836 962 3890 mentem
982 3831 1099 3890 venisse
1117 3851 1156 3890 ex
1171 3851 1218 3890 re·

134 3935 303 3996 cordatione
320 3953 436 4007 eornm,
459 3954 534 4014 quae
549 3941 707 4014 antequam
722 3935 787 4011 ipse
803 3933 913 3994 librum
929 3953 1014 3992 sunm
1037 3932 1157 4010 scripsit
1181 3933 1215 3992 in

134 4037 211 4096 libro
229 4037 340 4097 Graeco
357 4037 486 4112 legerat,
509 4037 698 4097 confirmatur
716 4055 766 4109 eo,
789 4037 869 4115 quod
885 4040 1049 4096 ceterorum
1065 4035 1217 4111 exemplo·

135 4159 201 4197 rnm
216 4145 366 4199 auctorem
381 4143 534 4215 nuncupat
550 4143 602 4200 aut
617 4141 654 4198 ab
671 4138 737 4215 ipso
753 4137 919 4197 adhibitum
934 4141 986 4196 aut
999 4137 1059 4196 iam
1073 4135 1106 4195 in
1122 4135 1216 4206 libris,
1258 4222 1262 4229 .

136 4238 244 4318 quibus
267 4241 379 4314 utitur,
411 4242 609 4319 appellatum,
640 4242 696 4300 hoc
720 4243 819 4300 autem
842 4239 875 4299 in
900 4237 1129 4300 narratiunculis
1154 4237 1216 4297 illis

992 4347 1010 4397 2
