3106 5018
794 411 839 476 34

276 565 370 632 luerit
392 587 480 630 eausa
501 587 563 629 444
585 567 708 626 dubium
729 566 926 650 relinquitur,
949 566 974 624 si
996 565 1160 639 eredimus,
1181 567 1356 628 Clitomachi

276 672 386 734 librum
407 691 425 730 4
447 669 589 734 (11444444
612 669 760 742 adhiberi;
789 687 855 728 eum
877 669 1037 746 Antipatro
1067 669 1147 728 enim
1168 669 1356 746 potissimum

277 796 316 836 ex
338 773 445 834 Stoioia
472 776 625 832 eertamen
654 772 747 832 fuisse
772 771 917 853 44444441
943 770 1067 850 eiusque
1095 771 1238 846 diseipulo
1264 771 1355 832 01144-

276 878 381 936 maeho
404 880 491 953 proo
515 875 648 950 exposui.
1183 917 1185 922 .

366 976 382 1055 5
399 982 437 1036 41
454 979 529 1038 haee
542 975 685 1050 legimus:
702 975 872 1048 '„divinatie
888 973 1042 1052 perspicue
1057 974 1182 1048 tollitur,
1204 975 1274 1034 deos
1291 995 1355 1034 esse

276 1081 466 1140 retinendum
489 1083 563 1140 eet.“
606 1079 745 1138 Fortasse
767 1077 875 1160 aliquis
898 1077 1012 1149 eredat,
1042 1075 1115 1136 talis
1137 1077 1194 1136 diei
1218 1095 1279 1136 non
1300 1096 1353 1154 po-

276 1168 368 1244 tuisse
390 1183 427 1239 ab
442 1180 619 1240 Aoedemioo
636 1181 679 1240 ’de
702 1179 838 1240 omnibus
858 1181 947 1240 rebus
963 1178 1120 1252 dubitanti,
1142 1198 1239 1258 neque
1258 1179 1354 1253 igitur

275 1285 312 1344 de
342 1282 525 1372 illitomeeho
538 1351 540 1359 ‚
554 1281 704 1341 Ciceronis
733 1287 853 1341 suetore
883 1301 947 1340 esee
978 1281 1176 1355 oogitendum.
1226 1281 1284 1342 Sed
1314 1301 1352 1340 ex

274 1387 364 1446 huius
392 1385 486 1461 ipsius
514 1384 591 1444 libro
614 1384 717 1444 Oieero
745 1383 779 1444 in
799 1384 820 1444 1.
839 1386 889 1442 ΠΙ
910 1385 947 1442 44
969 1389 1030 1444 nat.
1053 1385 1133 1444 deor.
1156 1381 1186 1460 (ἓ
1202 1383 1255 1461 44)
1277 1383 1353 1442 haee
1443 1444 1445 1450 ,

271 1489 379 1547 refert:
411 1488 505 1559 „haee
536 1489 623 1567 [quae
652 1486 805 1564 pertinent
836 1487 873 1544 44
901 1487 972 1545 4444
994 1486 1152 1564 populares
1173 1485 1351 1560 reiciendas]

274 1589 439 1650 Carneades
461 1589 573 1660 aiebat,
604 1607 665 1648 non
688 1591 722 1668 ut
743 1588 814 1646 deo's
836 1587 971 1661 tolleret,
994 1621 1036 1632 -
1059 1587 1130 1668 quid
1153 1588 1232 1648 enim
1252 1587 1350 1664 philo·

274 1693 369 1768 sopho
391 1691 490 1750 minus
517 1688 718 1750 eonveniens?
739 1720 782 1734 -
814 1691 866 1750 s'ed
887 1696 921 1750 ut
941 1691 1049 1750 Stoieis
1073 1689 1151 1750 nihil
1172 1689 1209 1750 de
1231 1689 1276 1748 dis
1298 1709 1350 1750 ex-

273 1793 385 1871 plieare
408 1792 614 1862 eonvineeret;
636 1792 739 1870 itaque
761 1792 1002 1872 insequebatur.“

357 1894 543 1971 Extispieum
560 1893 745 1955 divinatione
760 1896 890 1954 44444444
912 1900 1077 1974 sequuntur
1096 1895 1215 1970 fulgora
1236 1893 1265 1971 (5
1281 1893 1349 1970 42);

272 1999 505 2069 demonstretur,
532 2015 608 2075 quae
631 1997 667 2054 de
690 2015 792 2054 eorum
812 2003 921 2056 444444
942 1996 1035 2058 Stoici
1056 1997 1212 2075 disputent:
1231 1998 1349 2055 obstare

271 2099 322 2176 iis,
353 2117 427 2178 quae
449 2099 486 2157 de
508 2098 754 2159 divinatione'ex
781 2098 819 2156 iis
841 2099 1005 2174 proferant.
1048 2099 1094 2158 De
1119 2100 1270 2173 fulgorum
1290 2097 1347 2156 ful·

270 2203 443 2282 mirumque
466 2201 625 2260 seeundum
643 2201 758 2260 Stoicos
777 2206 884 2259 natura
902 2201 1087 2260 disseruntur
1107 2202 1171 2258 iere
1193 2203 1348 2262 44444444-
1459 2229 1461 2232 ·

269 2303 396 2376 444114,ι
419 2321 494 2382 quae
515 2308 550 2362 ut
567 2302 677 2379 placita
697 2301 818 2362 illorum
840 2303 876 2361 de
898 2302 946 2362 his
968 2303 1057 2362 rebus
1079 2301 1157 2378 apud
1178 2300 1253 2359 ahos
1275 2301 1347 2360 euri-

268 2409 369 2482 pteres
391 2410 511 2465 exstent
531 2405 582 2481 (of.
603 2404 700 2464 Zeller
720 2403 740 2462 l.
758 2403 778 2462 l.
802 2423 831 2480 p.
851 2402 940 2481 177);
967 2403 999 2460 id
1021 2409 1196 2485 annotemus
1219 2407 1346 2479 oportet,

269 2505 423 2570 Posidonii
455 2507 491 2564 de
519 2506 580 2566 illis
603 2505 781 2564 sententiam
811 2487 953 2581 (4444444
976 2509 1088 2584 quaest.
1111 2509 1172 2564 444.
1188 2507 1231 2575 Π,
1256 2505 1306 2580 54)
1329 2523 1347 2562 4

268 2610 420 2669 Ciceronis
434 2609 579 2668 relatione
595 2627 630 2667 eo
646 2607 776 2679 differre,
799 2609 877 2687 qnod
892 2608 925 2666 in
939 2609 997 2666 heo
1012 2606 1174 2684 simplieius
1188 2605 1347 2670 fulminum

268 2716 376 2770 natura
402 2711 531 2769 refertur
559 2710 596 2766 44
625 2709 775 2768 anhelitus
797 2709 936 2782 frigidos,
967 2728 1034 2768 oum
1055 2709 1133 2786 apud
1155 2707 1347 2770 Posidonium

268 2813 436 2874 eoenretius
452 2816 482 2869 et
497 2809 688 2868 artificiosius
703 2809 926 2884 distinguantur
940 2811 1011 2870 siooi
1033 2817 1064 2871 et
1076 2811 1181 2872 fumidi
1196 2810 1346 2871 anhelitus

267 2916 304 2974 eb
319 2913 458 2986 humidis,
476 2913 571 2990 deque
587 2909 781 2986 higidis'iam
795 2932 857 2973 444
868 2912 916 2974 ‘sit
925 2930 1030 2976 sermo.
1063 2913 1250 2986 Miraremur,
1262 2912 1344 2972 Oine·-

265 3025 369 3076 'ronem
396 3017 431 3074 44
458 3015 507 3073 his
534 3015 623 3074 rebus
653 3034 715 3075 444
739 3014 907 3093 inspexisse
933 3016 1088 3078 familiaris
1116 3016 1162 3075 sui
1190 3013 1344 3078 Posidonii

263 3119 383 3190 librum,
406 3116 465 3176 nisi
486 3116 661 3189 videremus,
683 3118 762 3176 hane
784 3117 1015 3194 expliestionem
1037 3122 1161 3176 naturae
1182 3117 1342 3176 fulminum

265 3223 311 3280 de'
323 3219 472 3279 sententia
491 3217 658 3276 Stoieorum
680 3224 826 3294 sumptam
848 3239 912 3278 esse
934 3239 953 3277 4
968 3218 1163 3284 (1114444444,
1187 3215 1237 3294 qui
1255 3215 1340 3274 Posi-

264 3320 386 3380 donium
403 3321 534 3379 nondum
548 3319 751 3398 impugnabat.
774 3353 816 3364 --
849 3322 908 3384 itui
928 3320 1074 3399 quomodo
1092 3317 1255 3376 ooourrerit
1271 3318 1340 3378 Oar-

264 3422 367 3484 needis
389 3429 419 3482 et
438 3421 615 3482 Clitomsehi
637 3422 811 3494 sententiae,
835 3439 910 3501 quae
931 3419 1043 3494 legitur
1063 3419 1171 3480 influe
1192 3419 1281 3481 huius
1303 3421 1340 3480 ds

262 3525 429 3598 fulgoribus
457 3525 672 3603 disputatione,
702 3530 789 3602 p'osee
819 3543 919 3584 essum
947 3522 1106 3585 vamtatem
1126 3521 1251 3597 imitari,
1280 3523 1339 3584 iam

264 3627 374 3686 dietum
397 3631 442 3686 eet
463 3647 492 3704 p.
510 3633 560 3686 33.
757 3679 760 3684 .
1334 3667 1336 3680 .

347 3729 467 3789 Transit
486 3729 592 3789 deinde
609 3729 711 3788 (44444
734 3747 758 3787 4.
775 3734 815 3787 22
838 3729 875 3787 44
896 3729 1086 3790 remantem
1106 3727 1228 3788 tortium
1249 3731 1337 3790 haru-

262 3831 394 3909 spieinae
416 3851 524 3904 genus,
554 3851 624 3890 mox
645 3835 745 3888 autem
765 3831 968 3890 namationsm
995 3830 1110 3908 profert
1138 3830 1174 3888 44
1200 3832 1337 3908 haruspi-

263 3933 347 3993 einae
367 3937 434 3991 ortu
455 3934 492 3990 ab
514 3932 648 3992 Etrusois
669 3933 779 3991 tradito
802 3952 946 4013 suumque
974 3933 1010 3992 44
1035 3931 1088 3990 ills
1114 3931 1258 3994 iudioium
1284 3953 1336 3994 ex·

262 4035 347 4110 ponit
369 4033 406 4110 (o.
422 4039 465 4092 23'
479 4039 509 4094 et
529 4034 591 4112 24).
634 4035 709 4094 Eam
737 4041 884 4112 sumptam
906 4055 970 4094 esse
1000 4055 1038 4094 ex
1059 4033 1118 4094 alio
1139 4036 1224 4096 fonte
1245 4038 1335 4113 etque

262 4153 337 4212 quae
354 4135 535 4212 praeeedunt
548 4142 602 4196 aut
618 4142 790 4217 sequuntur,
813 4137 985 4197 eertiesimis
1002 4141 1139 4214 apertum
1156 4137 1191 4195 fit
1206 4135 1333 4197 inditiis.

260 4237 412 4314 Imprimis
437 4237 731 4300 animadvertendum
760 4245 817 4312 est,
842 4239 1044 4316 interruptam
1071 4258 1136 4298 esse
1159 4222 1334 4298 orationem.
