3106 5018
321 557 391 617 libri
416 556 550 616 Ciceroni
574 558 692 632 praesto
709 574 772 614 esse
790 553 958 630 potuerint,
986 553 1093 632 quibus
1106 551 1198 627 igitur
1222 550 1340 628 scriptis
1356 551 1404 610 ilii

325 659 489 719 doctrinam
511 677 592 718 suam
609 660 646 716 de
668 655 854 717 divinatione
876 655 1102 731 explicaverint.
1146 656 1182 713 In
1199 673 1234 712 ea
1251 674 1284 713 re
1302 653 1404 714 Cicero

320 762 387 838 ipse
417 759 577 836 plurimum
601 778 655 818 nos
680 758 816 830 adiuvat,
851 776 920 816 cum
949 758 985 816 de
1011 755 1071 816 div.
1096 757 1128 828 I,
1161 761 1197 829 3,
1228 763 1246 814 6
1271 755 1404 817 breviter

320 861 485 922 Stoicorum
509 862 545 920 de
568 859 754 919 divinatione
779 859 872 918 libros
896 861 1057 919 enumeret.
1100 857 1145 917 De
1174 857 1306 930 Zenone,
1337 857 1405 918 illo·

321 983 386 1023 rum
405 962 558 1038 principe,
587 963 660 1020 haeo
687 961 772 1020 dicit:
804 980 888 1034 „cum
906 959 998 1019 Stoici
1022 958 1204 1019 omniafere
1227 959 1279 1018 iile
1301 962 1403 1020 defen-

321 1066 443 1137 derent,
466 1065 545 1142 quod
568 1067 598 1123 et
616 1064 695 1122 Zeno
716 1062 749 1122 in
766 1062 828 1121 suis
850 1060 1068 1122 commentariis
1085 1060 1169 1139 quusi
1186 1061 1300 1120 semina
1314 1081 1404 1140 quae·

322 1167 389 1224 dem
416 1164 590 1241 sparsisset“
617 1167 672 1224 oet.
712 1163 764 1222 *Hi
789 1162 992 1222 commentarii
1017 1167 1086 1221 sunt
1112 1153 1404 1241 ἀπομνημονεύματα

321 1287 340 1326 a
363 1265 499 1341 Diogene
526 1265 624 1324 Laert.
647 1265 723 1337 VII,
750 1271 769 1322 4
795 1265 827 1323 in
853 1264 973 1340 scriptis
996 1263 1124 1322 Zenonis
1146 1269 1314 1337 numerata,
1349 1266 1401 1323 ubi

322 1367 465 1443 legimus:
503 1363 563 1425 iore
588 1359 614 1424 δ’
637 1361 734 1425 αύτού
759 1359 928 1449 [Ζήνωνος]
955 1362 1004 1424 παὶ
1033 1362 1117 1442 τέχνη
1148 1362 1198 1425 καὶ
1229 1359 1325 1434 tribur
1351 1363 1402 1425 καὶ

318 1463 433 1548 ἔλεγχοι
450 1462 514 1543 δύο,
534 1460 833 1544 ἀπομνημονεύματα,
858 1461 1013 1547 Κράτητος
1031 1460 1137 1543 ἠθικά.
1155 1505 1158 1511 -
1176 1471 1202 1525 A
1213 1467 1323 1526 Cobeto
1336 1469 1403 1546 qui-

320 1573 397 1643 dem,
419 1589 509 1648 quem
525 1570 661 1650 sequitur
677 1569 832 1646 Koepkius
846 1569 891 1648 (in
907 1570 1000 1629 libro:
1023 1569 1120 1630 Ucber
1137 1569 1185 1628 die
1200 1569 1332 1646 Gatbung
1348 1571 1400 1628 der

320 1664 616 1748 ἀπομνημονεύματα
637 1671 671 1730 in
695 1673 747 1731 der
765 1672 970 1746 griechischen
986 1671 1164 1744 Litteratur,
1187 1671 1400 1747 Brandenburg

204 1781 212 1788 ’
325 1773 428 1851 1857),
446 1773 496 1832 hic
507 1773 642 1832 locusita
653 1773 780 1848 legitur:
797 1766 1089 1849 ἀπομνημονεύματα
1104 1764 1269 1850 Κράτητος,
1288 1766 1398 1848 horrei.

321 1875 381 1934 Sed
395 1893 491 1953 neque
506 1876 585 1952 apud
603 1874 768 1950 Diogenem
787 1874 939 1934 Laertium
957 1893 1055 1953 neque
1072 1875 1151 1949 apud
1166 1874 1257 1934 aliurn
1278 1874 1401 1950 scripto·

322 1994 385 2034 rem
407 1976 505 2035 locum
524 1975 662 2035 invenire
683 1975 758 2034 mihi
774 1974 917 2052 contigit,
939 1995 998 2055 quo
1021 1975 1223 2035 commentarii
1245 1977 1283 2036 de
1300 1977 1400 2056 aliquo

322 2076 429 2154 scripti
453 2077 623 2137 dicerentur
641 2077 706 2136 eius
731 2071 1031 2153 ἀπομνημονεύματα.
1074 2075 1133 2138 Ubi
1158 2097 1230 2138 vero
1252 2080 1325 2138 haec
1339 2097 1402 2140 vox

322 2199 389 2238 cum
410 2179 548 2253 genetivo
567 2179 697 2238 hominis
717 2179 841 2238 alicuius
858 2179 1064 2254 coniungitur,
1087 2198 1148 2237 non
1167 2179 1193 2238 is
1210 2180 1402 2254 significetur,

322 2281 360 2338 de
386 2298 444 2358 quo
468 2279 501 2336 in
529 2278 748 2338 commentariis
771 2297 866 2338 sermo
891 2279 965 2353 fuit,
998 2281 1051 2338 sed
1076 2284 1178 2339 auctor
1200 2279 1286 2353 iibri,
1318 2283 1403 2342 velut

324 2381 403 2457 apud
430 2380 638 2440 Philodemum
662 2376 731 2458 arpi
752 2372 900 2457 εὐσεβείας
920 2401 952 2458 p.
971 2383 1008 2440 71
1034 2384 1078 2442 ed.
1096 2381 1255 2458 Gomperz:
1285 2379 1317 2444 ἐν
1338 2387 1403 2454 τοῖς

325 2478 520 2557 Ξενοφῶντος
541 2474 855 2560 ἀπομνημονεύμασιν.
898 2484 965 2543 Ηοο
988 2483 1081 2558 igitur
1096 2484 1178 2555 loco,
1199 2486 1236 2542 de
1259 2504 1317 2564 quo
1340 2486 1403 2560 agi·

323 2603 403 2658 mus,
428 2578 584 2662 Κράτητος
600 2603 662 2644 non
685 2587 722 2644 ad
741 2575 1034 2662 ἀπομνημονεύματα
1051 2587 1239 2646 referendum
1258 2594 1318 2660 est,
1350 2590 1402 2648 sed

321 2690 361 2746 ad
380 2678 486 2762 ἠθικά.
529 2686 685 2746 Krischius
705 2687 750 2765 (in
772 2687 865 2746 libro:
889 2687 938 2746 die
961 2687 1185 2764 theologisohen
1210 2687 1329 2749 Lehren
1349 2691 1401 2750 der

323 2786 528 2863 griechischen
545 2788 668 2846 Denker
689 2807 718 2864 p.
736 2789 810 2866 365)
835 2787 953 2848 etiamsi
974 2807 1035 2849 non
1060 2789 1151 2866 legit:
1172 2781 1401 2869 ἀπομνημονού-

323 2909 401 2966 ματα
427 2882 599 2968 Κράτητος,
633 2895 732 2952 tumen
759 2893 859 2967 putet,
890 2891 1018 2952 Zenonis
1043 2884 1334 2970 ἀπομνημονεύματα
1364 2893 1400 2948 dc

198 3003 201 3010 '
323 2992 440 3052 Oratete
463 2993 575 3069 scripta
593 2993 702 3080 fuisse,
733 2999 822 3073 etque
844 2993 918 3054 item
936 2993 1068 3056 eiusdem
1091 2997 1209 3070 generis
1225 2995 1316 3054 libros
1330 2993 1401 3050 Per·

322 3094 385 3153 sesi
408 3097 439 3153 et
456 3095 606 3154 Aristonis
625 3096 722 3172 (Diog.
741 3096 839 3155 Ledrt.
858 3097 933 3168 VII,
957 3103 995 3155 36
1019 3097 1095 3167 VII,
1121 3097 1192 3168 168)
1215 3096 1251 3151 de
1273 3094 1399 3151 Zenone·

323 3194 381 3251 Sed
402 3192 523 3251 Persaei
543 3194 620 3253 eiius
640 3200 882 3254 commemoratur
903 3197 994 3268 liber,
1016 3187 1125 3269 ἠθικαὶ
1145 3190 1260 3268 exstet,
1280 3192 1315 3252 in
1334 3192 1400 3271 qui·

323 3295 378 3352 bus
397 3295 433 3351 de
451 3296 547 3353 aetate
568 3294 694 3353 Zenonis
711 3314 875 3353 sermonem
892 3293 983 3352 fuisse
1001 3298 1125 3368 apparet
1141 3312 1179 3351 ex
1198 3292 1284 3368 Diog.
1301 3294 1399 3354 Lab'rt.

325 3395 400 3468 vn,
423 3399 478 3467 28;
498 3401 601 3455 auctor
623 3400 721 3456 autem
740 3393 919 3456 narrationis
940 3394 1028 3452 huius
1047 3393 1221 3454 Laertianae
1239 3398 1318 3455 certe
1339 3415 1400 3456 non

323 3495 433 3554 librum
458 3497 678 3572 expositionum
700 3496 856 3556 moralium
881 3497 933 3555 sed
958 3495 1182 3555 commentarios
1208 3497 1400 3571 adhibuisset,

324 3597 351 3656 si
367 3597 511 3658 Persaeus
534 3601 588 3658 hos
605 3601 642 3658 dc
659 3599 778 3657 Zenone
796 3596 976 3674 scripsisset;
997 3616 1051 3673 per
1072 3616 1105 3655 se
1125 3597 1205 3656 enim
1221 3597 1286 3658 veri
1303 3600 1399 3660 simile

325 3703 387 3774 est,
407 3698 492 3760 ilium
516 3701 552 3759 de
575 3705 671 3760 aetate
692 3699 893 3776 praeceptoris
913 3699 1107 3759 disserturum
1124 3700 1181 3759 hoo
1197 3700 1229 3759 in
1255 3720 1400 3761 commen·

324 3801 410 3863 teriis
429 3801 529 3878 potius
544 3804 581 3862 de
598 3821 633 3862 eo
656 3801 778 3860 edendis
793 3803 940 3861 facturum
957 3801 1065 3874 tuisse,
1086 3820 1175 3879 quam
1190 3801 1224 3860 in
1238 3804 1400 3880 expositio·

326 3903 416 3964 nibus
432 3903 600 3964 moralibus.
645 3903 816 3964 Aristonem
832 3909 930 3964 eutem
946 3903 979 3963 in
995 3903 1123 3962 Zenonis
1137 3904 1308 3965 memoriam
1323 3925 1400 3965 com·

324 4004 483 4068 menterios
507 4005 660 4083 scripsisse
682 4005 716 4066 in
736 4007 854 4066 modum
871 4007 1158 4084 Xenophontcorum
1181 4025 1242 4065 non
1267 4011 1313 4066 est
1333 4007 1399 4067 veri

324 4107 435 4180 simile,
456 4107 598 4187 quoniam
612 4128 630 4167 a
644 4109 762 4168 Zenone
780 4107 999 4185 despiciebatur
1014 4113 1045 4168 et
1059 4107 1169 4168 deiecit
1183 4107 1282 4186 (Diog.
1299 4106 1398 4168 Ludrt.

324 4207 399 4280 VII,
425 4213 472 4268 18.
500 4210 567 4269 167.
598 4210 715 4270 Krisch.
733 4204 873 4288 pedi).
918 4211 1035 4270 Horum
1057 4209 1150 4286 igitur
1171 4208 1317 4286 exemplis
1338 4229 1398 4270 non

325 4309 458 4370 firmetur
473 4310 606 4370 Krischii
628 4314 664 4371 de
681 4312 808 4372 Zenonis
826 4312 1044 4372 commentariis
1066 4311 1228 4384 sententia,
1251 4331 1327 4390 quoe
1349 4311 1400 4372 vel
