3106 5018
652 377 785 442 21·

134 535 217 593 tione
239 531 397 594 artificiosa
412 532 651 608 disputationem,
674 551 853 612 quamquam
873 532 1055 606 brevissime,
1078 535 1213 612 excerpit

136 633 166 713 (ξ
184 635 331 712 35-37).
362 636 397 694 Id
415 635 534 694 omnino
550 639 613 694 tum
628 655 689 694 non
704 639 768 695 erat
781 635 957 708 faciendum,
980 636 1005 695 si
1024 636 1052 694 ei
1067 635 1098 694 in
1114 635 1212 694 animo

134 737 201 810 fuit,
224 737 372 813 copiosius
388 738 423 796 de
440 736 598 796 artificiosa
613 737 796 798 divinatione
812 738 963 797 disserere.
992 739 1098 818 Neque
1113 742 1214 797 tamen

135 838 208 898 latet
223 858 310 898 causa
323 839 447 897 iteratae
463 839 655 898 tractationis.
689 842 824 914 Apparet
838 839 925 912 enim,
943 839 1122 912 Ciceronem,
1146 858 1212 897 cum

136 959 211 1016 opus
232 939 436 1012 continuaret,
460 940 601 1013 sensisse,
626 940 812 1000 festinationi
834 941 893 1015 illi,
917 959 1042 1020 quacum
1063 940 1214 1016 superiore

134 1040 201 1100 loco
223 1043 255 1100 in
278 1041 475 1116 descriptione
498 1041 690 1102 divinationis
711 1041 887 1100 artificiosae
908 1047 1042 1102 versatus
1064 1047 1122 1114 est,
1153 1059 1215 1099 non

135 1143 297 1203 convenire
319 1144 432 1219 copiam
454 1144 609 1204 verbosam
628 1143 662 1201 iu
684 1143 806 1202 somniis
828 1143 1021 1202 defendendis
1042 1144 1213 1202 adhibitam·

135 1245 180 1302 Ea
207 1245 315 1318 igitur,
348 1263 424 1322 quae
455 1264 544 1321 supra
574 1245 663 1304 nimis
692 1245 824 1305 breviter
856 1244 981 1303 disserta
1010 1245 1134 1304 fuerunt
1162 1245 1213 1304 hia

135 1345 280 1421 exemplis
301 1346 487 1422 potissimum
510 1351 754 1422 compensaturus
782 1347 819 1404 ad
842 1346 965 1405 alteram
988 1347 1087 1422 operis
1109 1345 1213 1404 Graeci

134 1450 250 1522 partem
277 1447 363 1507 redit.
413 1449 461 1506 Ex
490 1467 526 1507 ea
554 1449 746 1525 partitionem
775 1448 918 1507 orationis
948 1449 1091 1521 servavit,
1125 1465 1214 1526 quam

136 1549 255 1627 quidem
275 1549 325 1609 vel
345 1553 410 1608 tum
425 1550 580 1625 significet,
604 1569 669 1609 cum
691 1569 756 1608 eam
779 1550 899 1608 omnino
921 1570 982 1608 non
1002 1554 1093 1609 curat.
1136 1550 1214 1608 Nam
1330 1575 1334 1583 ¹

135 1655 253 1727 praeter
268 1651 326 1713 duo
347 1652 448 1727 priora
468 1651 639 1727 partitionis
661 1653 799 1724 membra,
823 1671 950 1730 quorum
972 1652 1097 1712 alterum
1112 1655 1158 1710 eet
1175 1652 1215 1708 de

136 1753 319 1812 divinatione
341 1753 452 1826 exiis,
484 1771 560 1834 quae
589 1752 705 1828 „posita
727 1757 797 1812 sunt
824 1753 857 1810 in
879 1754 1079 1813 monumentis
1103 1757 1133 1812 et
1154 1752 1213 1810 dis·

135 1853 278 1930 ciplina“,
308 1854 433 1913 alterum
455 1856 491 1913 de
512 1855 564 1927 iis,
588 1873 665 1933 quae
687 1855 804 1926 „subito
828 1873 867 1912 ex
889 1861 1021 1931 tempore
1044 1855 1214 1935 coniectura

136 1955 342 2030 explicantur“
356 1955 372 2032 ξ
385 1955 423 2013 72
439 1956 555 2015 additur
569 1955 690 2021 tertium
705 1955 819 2014 verbis:
834 1956 931 2029 „fiunt
943 1961 1040 2015 certae
1055 1954 1213 2016 divinatio-

76 2063 78 2067 ’
138 2075 209 2114 num
224 2056 411 2116 coniecturae
428 2077 444 2116 a
463 2057 586 2132 peritis“
601 2055 639 2134 (ᾗ
653 2058 692 2114 78
716 2077 739 2114 c.
753 2057 815 2132 36),
838 2058 890 2115 sed
912 2057 1054 2116 eiusmodi
1078 2056 1214 2132 exempla

137 2157 164 2215 ei
180 2178 241 2217 non
256 2159 484 2233 subiunguntur,
508 2159 532 2218 si
549 2158 668 2236 quidem
683 2158 716 2216 in
738 2158 958 2217 narrationibus
976 2160 1011 2217 de
1027 2159 1109 2217 Mida
1130 2158 1213 2217 etde

136 2261 261 2319 Platone
282 2261 479 2337 interpretum
495 2260 616 2320 omuino
638 2281 699 2320 non
721 2260 756 2319 fit
774 2261 894 2333 mentio,
917 2262 1025 2318 nedum
1039 2259 1212 2336 peritorum.

138 2363 333 2422 Partitionem
354 2363 447 2438 igitur
465 2363 603 2423 'Ciceroni
625 2362 718 2422 Stoici
739 2363 816 2421 liber
838 2362 1053 2438 suppeditavit,
1078 2362 1216 2436 exempla

139 2469 237 2524 autem
266 2466 339 2526 haec
366 2470 446 2526 certe
476 2467 533 2524 duo
564 2466 646 2525 alius.
674 2464 782 2528 *Quae
809 2469 962 2540 praeterea
989 2465 1021 2523 in
1049 2466 1106 2524 hac
1132 2468 1217 2542 parte

139 2566 280 2640 leguntur
301 2587 317 2626 e
338 2570 427 2627 rebus
450 2567 628 2626 Graecorum
649 2571 803 2644 portenta,
826 2587 929 2626 eorum
949 2566 989 2638 id,
1012 2569 1091 2645 quod
1114 2569 1159 2624 est
1180 2566 1217 2632 da

138 2668 283 2743 Dionysio
300 2668 330 2746 (S
349 2671 410 2747 73),
434 2687 450 2728 e
467 2670 593 2729 Philisto
617 2675 767 2745 sumptum
785 2673 831 2728 est
850 2669 941 2747 idque
958 2687 998 2726 ex
1013 2669 1116 2727 eadem
1137 2669 1217 2726 certe

140 2769 237 2844 operis
265 2775 349 2844 parte
378 2771 580 2830 aesomnium
609 2772 712 2832 metris
734 2772 872 2850 Dionysii
900 2748 929 2848 (ξ
947 2771 1014 2848 39),
1045 2788 1153 2846 nempe
1173 2788 1213 2827 ex

137 2868 225 2928 initio
252 2869 322 2927 libri
350 2871 387 2927 de
409 2871 555 2947 Dionysio
581 2873 678 2947 primi.
722 2873 799 2930 Nam
825 2877 953 2949 utroque
982 2871 1118 2946 exemplo
1144 2889 1212 2928 nar·

137 2976 242 3031 rantur
267 2990 327 3044 res,
357 2989 432 3049 quae
460 2971 631 3031 acciderunt
646 2953 739 3043 ante,
769 2989 857 3049 quarn
883 2972 910 3029 is
934 2973 1030 3030 factus
1058 2977 1104 3032 est
1124 2973 1213 3049 Syra-

138 3093 313 3134 cusanorum
334 3077 487 3150 tyrannus.
532 3071 599 3135 Qua
618 3091 651 3130 re
669 3073 886 3131 demonstratur
903 3076 933 3132 et
949 3091 992 3147 ec,
1016 3074 1096 3153 quod
1112 3092 1212 3132 exem-

137 3177 220 3253 plum
243 3195 259 3234 e
280 3175 407 3234 Philisto
435 3178 584 3251 sumptum
606 3175 733 3251 primum
762 3179 808 3235 est
828 3175 1009 3235 somniorum
1032 3195 1050 3234 a
1071 3176 1213 3236 Cicerone

137 3283 322 3338 narratorum
345 3275 374 3354 (ς
392 3275 453 3362 39),
477 3277 675 3363 confirmatur,
698 3297 765 3335 eum
787 3279 823 3336 ad
840 3278 1045 3355 conquirenda·
1058 3278 1213 3339 divinandi

138 3380 275 3455 exempla
299 3379 441 3437 historica
468 3397 639 3454 aggressum
666 3397 730 3438 esse
758 3379 917 3437 lectionem
945 3379 1042 3453 operis
1064 3381 1210 3440 Philistei.

137 3481 243 3559 Neque
267 3483 368 3538 tamen
395 3480 521 3538 multum
547 3479 689 3555 temporis
717 3480 751 3536 in
778 3497 813 3537 ea
840 3479 1035 3554 consumpsit3
1064 3499 1133 3540 nam
1159 3482 1213 3542 illa
1265 3479 1267 3484 ’

137 3583 194 3640 duo
216 3585 332 3640 tantum
354 3582 491 3656 exempla
512 3602 551 3641 ex
571 3582 699 3641 Philisto
721 3581 843 3657 profert,
867 3600 932 3640 cum
954 3581 1041 3654 hunc,
1065 3582 1212 3662 siquidem

138 3684 195 3742 duo
217 3683 270 3741 illa
290 3702 351 3741 ncn
372 3683 500 3758 respuit,
532 3683 621 3742 etiam
648 3682 734 3760 plura
762 3683 825 3742 eius
848 3682 965 3758 generis
991 3701 1125 3742 narrasse
1146 3685 1212 3743 veri

107 3795 109 3798 '
138 3784 233 3844 simile
254 3785 301 3844 sit.
346 3784 565 3845 commodiores
586 3785 700 3844 'Pullius
727 3773 802 3844 adiit
823 3785 937 3858 fontes,
966 3784 1212 3860 philosophorum

136 3886 250 3947 scilicet
272 3887 450 3947 Graecorum
471 3887 577 3960 libros,
603 3886 636 3945 in
659 3888 767 3967 quibus
788 3907 911 3962 magnus
932 3885 1135 3962 exemplorum
1156 3907 1211 3946 nu-

137 4007 234 4048 merus
262 3989 321 4048 iam
351 3993 415 4048 erat
443 3989 592 4050 collectus.
642 3992 716 4049 Eam
743 3992 783 4049 cb
813 4007 929 4049 causam
957 4007 997 4046 ne
1023 3988 1212 4048 Callisthenis

138 4091 265 4168 quidem,
288 4112 377 4171 quem
399 4090 472 4169 §74
495 4093 634 4169 appellat,
658 4083 811 4168 Ἑλληνικά
833 4109 900 4150 eum
921 4091 1067 4152 evolvisse
1089 4109 1211 4149 censen·

139 4191 206 4250 dum
228 4199 281 4254 est.
325 4195 431 4274 Neque
459 4198 558 4255 tamen
585 4193 726 4256 credibile
750 4197 810 4266 est,
839 4193 918 4269 apud
939 4191 1132 4254 Posidonium
1159 4196 1211 4252 aut
