3106 5018
802 532 845 597 42

280 687 402 748 alterius
416 689 501 764 parte
518 687 630 764 agitur,
651 691 685 748 ut
701 687 841 749 reiciatur
859 686 1019 764 Chrysippi
1037 689 1068 744 at
1083 683 1236 761 Antipatri
1253 685 1354 744 deien-

281 790 325 850 515
352 789 546 851 divinationis
567 811 607 850 ex
625 791 748 851 somniis
766 792 856 868 (126,
882 795 957 862 130,
981 793 1056 861 134,
1081 792 1157 860 144,
1182 788 1270 864 145),
1302 807 1354 846 ne-

281 893 378 969 glecto
396 893 572 966 Posidonio,
596 913 654 972 qna
670 912 710 965 re,
733 897 767 951 ut
781 891 924 964 vidimus,
947 891 1145 950 Clitomachus
1160 889 1352 966 significatur.

281 995 387 1073 Neque
402 996 497 1058 solnm
513 995 669 1071 utriusque
683 992 776 1052 Stoici
790 995 827 1052 de
843 993 1026 1053 divinatione
1041 993 1132 1052 libros
1147 1000 1249 1051 auctor
1264 992 1354 1052 Crac-

280 1116 331 1156 cns
357 1097 389 1154 in
406 1094 568 1154 refellendo
585 1095 734 1172 respexit,
762 1095 920 1155 sedetiam
939 1095 1016 1155 sicut
1036 1099 1123 1155 antea
1139 1094 1301 1172 Chrysippi
1317 1096 1354 1153 de

281 1197 406 1256 oraculis
424 1195 454 1274 (5
475 1197 547 1276 115)
565 1217 644 1257 nunc
664 1197 795 1258 eiusdem
820 1200 857 1257 de
878 1198 1000 1257 somniis
1024 1198 1140 1257 librum.
1186 1197 1272 1261 duod
1293 1217 1354 1257 non

281 1299 376 1358 solnm
394 1304 519 1375 apparet
531 1319 580 1364 ‚ex
599 1300 615 1379 ξ
636 1305 709 1373 134,
731 1299 886 1359 sedetiam
904 1319 957 1376 per
972 1319 1003 1360 so
1021 1299 1284 1360 verisimillimum
1301 1304 1355 1373 est,

280 1401 313 1460 in
337 1401 413 1460 libro
438 1403 474 1460 de
494 1402 630 1474 somniis,
659 1422 720 1462 non
737 1404 774 1462 de
794 1401 935 1476 oraculis,
967 1402 1081 1462 somnia
1103 1403 1140 1461 ad
1157 1402 1355 1480 Chrysippum

279 1503 374 1562 relata
389 1504 481 1563 fuisse
505 1505 656 1581 exposita,
686 1508 717 1564 et
739 1523 837 1564 errare
854 1509 1019 1576 auctorem,
1041 1504 1094 1584 qni
1110 1505 1255 1564 somnium
1274 1505 1354 1564 501-

281 1625 388 1666 oarone
412 1606 429 1685 ς
451 1611 509 1665 134
533 1612 685 1667 ramatum
710 1607 786 1667 libro
811 1602 877 1686 περὶ
901 1609 1039 1685 χρησμῶν
1058 1607 1178 1680 tribuit,
1208 1625 1354 1686 quemque

282 1709 376 1768 secuti
398 1713 468 1768 sunt
485 1708 590 1770 Suidas
606 1713 642 1786 (s.
660 1730 689 1771 v.
710 1703 853 1789 νεοττός),
875 1710 1016 1783 Photius,
1037 1710 1210 1786 Apostolius
1232 1709 1265 1768 in
1287 1729 1356 1786 pro-

280 1811 402 1872 verbiis.
446 1812 582 1873 Ceterum
607 1813 735 1872 auctoris
759 1813 842 1872 illius
866 1813 963 1889 ignoti
986 1812 1133 1889 expositio
1164 1833 1182 1873 a
1207 1811 1356 1871 Ciceronis

282 1913 452 1974 narratione
479 1915 611 1991 paullum
628 1915 744 1988 differt,
766 1915 810 1974 ita
828 1915 963 1994 quidem,
984 1920 1019 1974 nt
1041 1916 1120 1992 apud
1142 1916 1222 1973 hunc
1238 1915 1274 1973 de
1290 1933 1355 1988 ovo,

284 2017 364 2092 apud
381 2017 466 2076 illum
492 2019 528 2077 de
548 2017 613 2077 ovis
636 2017 795 2077 5511115511.
839 2017 991 2078 Somnium
1008 2020 1044 2076 de
1062 2037 1174 2094 copone
1189 2017 1356 2092 Megarensi

285 2118 344 2196 (11,
371 2124 444 2191 1353
477 2120 510 2193 I,
534 2122 585 2199 57)
614 2120 783 2180 Ciceronem
814 2139 874 2178 nou
903 2120 1010 2196 legisse
1040 2119 1072 2178 in
1096 2120 1172 2179 libro
1199 2119 1360 2198 Chrysippi

284 2221 396 2298 ipsine,
419 2223 471 2282 sed
487 2224 566 2298 apud
582 2223 673 2282 alium
686 2223 868 2300 scriptorem,
890 2223 1017 2300 quinon
1034 2222 1066 2280 id
1082 2224 1202 2296 agebat,
1221 2227 1255 2281 ut
1273 2241 1357 2280 accu-

283 2328 347 2382 1515
364 2324 500 2400 exempla
521 2323 681 2401 Chrysippi
704 2325 898 2400 exprimeret,
928 2323 960 2382 in
977 2323 1150 2402 quaestione
1172 2325 1355 2383 delentibus

206 2427 207 2434 ’
282 2424 354 2484 libri
377 2425 485 2502 prioris
501 2427 626 2502 exposui
643 2425 683 2503 (p.
704 2427 763 2503 19).
807 2427 847 2484 Ε1
864 2424 1003 2504 quoniam
1017 2425 1070 2484 illa
1093 2428 1151 2485 duo
1171 2427 1298 2499 somnia,
1320 2428 1357 2485 de

285 2547 341 2589 ovo
365 2532 396 2587 et
420 2529 456 2586 de
480 2547 593 2605 copone
612 2529 778 2604 Megarensi
801 2533 832 2587 et
853 2532 1007 2604 praeterea
1026 2527 1185 2586 Simonidis
1211 2528 1356 2588 somnium

285 2631 345 2709 (11,
370 2634 445 2704 135;
466 2633 498 2704 Ι,
522 2634 575 2707 56)
592 2631 624 2690 in
647 2632 739 2690 altero
760 2630 836 2690 libro
861 2631 1021 2688 secundum
1044 2648 1152 2704 genera
1168 2627 1358 2706 distinguun-

285 2737 335 2792 tur
358 2733 448 2810 (134,
475 2732 547 2810 135)
571 2738 601 2792 51
623 2733 667 2792 ibi
693 2735 810 2791 demum
837 2752 889 2791 suo
915 2731 1019 2790 ordine
1042 2730 1158 2791 511555
1184 2736 1357 2805 1155155151,

285 2835 429 2909 efficitur,
460 2839 491 2895 51
506 2834 666 2894 Simonidis
685 2841 715 2894 et
738 2834 865 2911 hospitis
883 2833 1065 2910 Megarensis
1079 2834 1224 2893 somnium
1240 2854 1303 2893 esee
1325 2834 1358 2893 in

286 2957 387 2998 eornm
413 2938 615 3015 exemplorum
639 2956 777 3010 numero,
810 2956 886 3015 quae
906 2936 1007 2995 Cicero
1028 2955 1067 2994 55
1088 2935 1261 2996 Clitomachi
1282 2936 1359 2996 libro

286 3041 321 3100 in
336 3041 465 3117 priorem
484 3060 569 3100 suurn
586 3040 746 3100 transtulit
791 3038 869 3102 Quia
891 3059 909 3098 5
924 3039 1104 3098 Clitomacho
1122 3039 1250 3098 15151515
1267 3044 1360 3113 erant,

288 3142 466 3202 Posidonius
482 3141 521 3200 iis
537 3141 583 3199 uti
599 3142 660 3200 iam
676 3161 737 3200 nou
757 3141 856 3216 potuit
872 3141 922 3218 (cf.
942 3160 971 3216 p.
992 3140 1052 3216 19).

372 3241 510 3320 Denique
535 3259 610 3319 qnae
631 3239 790 3318 legimus§
814 3245 888 3299 126:
916 3240 1110 3314 „praesertim
1135 3259 1201 3298 oum
1220 3241 1360 3317 Chrysip-

287 3364 345 3423 pus
363 3343 553 3404 Academicos
578 3342 717 3401 raiellena
733 3341 880 3419 permulto
904 3340 1028 3400 clariora
1045 3345 1076 3399 et
1091 3340 1217 3399 certiora
1234 3361 1298 3400 esse
1316 3343 1360 3401 di-

290 3451 339 3508 551
359 3466 434 3526 quac
452 3445 646 3522 vigilantibus
660 3444 832 3517 videantur,
855 3463 944 3522 quam
963 3461 1039 3521 quae
1055 3441 1287 3502 somniantibus“
1303 3445 1362 3504 Cli·

288 3550 456 3611 tomachum
478 3553 627 3608 auctorem
652 3547 849 3625 patefaciunt,
881 3545 928 3606 cui
954 3545 1087 3624 quidem,
1115 3545 1192 3605 sicut
1210 3546 1361 3622 Carneadi,

289 3658 409 3731 praeter
430 3653 622 3729 Antipatrum
640 3652 793 3730 aequalem
816 3650 974 3727 praecipue
996 3648 1170 3728 Chrysippi,
1198 3649 1362 3722 Stoicorum

289 3754 451 3833 principis,
484 3759 586 3814 contra
608 3753 800 3813 Academicos
817 3752 1033 3830 disputationes
1050 3771 1123 3828 prae
1148 3753 1253 3812 ceteris
1278 3762 1363 3814 erent

292 3859 446 3918 curandae.
932 3859 934 3864 '

377 3959 460 4017 Haec
478 3957 569 4016 habui
587 3976 661 4037 quae
678 3957 841 4033 proferrem
858 3957 896 4015 ad
912 3957 1185 4030 demonstrandum,
1206 3955 1276 4016 libri
1290 3957 1362 4016 5115-

186 4117 191 4133 ,
291 4061 353 4121 rius
377 4063 413 4120 de
436 4059 620 4121 divinatione
642 4079 784 4119 summam
808 4058 978 4118 Ciceronem
1004 4057 1162 4135 sumpsisse
1190 4057 1361 4133 exscripto

293 4164 393 4242 aliquo
418 4162 601 4223 Clitomachi.
644 4161 730 4226 Quod
753 4161 849 4222 tribue
874 4159 1040 4221 constitisse
1061 4161 1146 4220 libris
1171 4158 1363 4236 probabiliter

294 4265 389 4326 conici
413 4285 499 4342 posse
518 4266 638 4326 videtur
657 4285 697 4326 55
721 4265 820 4343 specie
845 4263 916 4323 libri
937 4263 1137 4335 Ciceroniani,
1167 4260 1363 4341 quiquidem
1403 4300 1407 4305 ‚

293 4367 448 4430 manifesto
465 4388 504 4428 ex
521 4368 617 4429 tribus
634 4368 820 4445 potissimum
835 4366 970 4444 partibus
990 4363 1166 4442 compositus
1185 4367 1238 4424 est
1282 4361 1364 4428 Quae
